2616 4582
557 262 771 328 -13-

123 408 265 492 σεισμοδς
287 409 431 492 ἐνδέχεται
453 412 588 495 γίνεσθαι
610 413 661 476 καλ
683 409 758 476 κατά
782 408 950 491 πνεύματος
968 410 1000 474 ἒν
1017 414 1054 498 τῇ
1071 413 1109 496 γῇ
1129 406 1205 474 ἀπά-

121 522 218 596 ληψῑν
239 514 291 578 καλ
313 511 395 597 παρά
417 511 545 597 μικροδς
567 511 677 600 ὄγκους
699 513 794 595 αὐτῆς
815 511 986 597 παράθεσιν
1015 512 1064 574 καλ
1096 516 1203 592 συνεχῆ

122 619 243 696 κίνησιν
265 613 338 680 ὅταν
359 612 523 699 κράδανσιν
545 623 581 705 τῇ
603 623 640 704 γῇ
657 612 875 704 παρασκευάζῃ.
898 620 955 681 i.e.
974 624 1202 680 terraemotum

123 723 214 798 effici,
238 724 263 782 si
286 722 409 800 spiritus
430 723 587 783 interram
604 728 742 801 receptus
763 722 865 800 parvis
881 723 944 782 eins
964 722 1071 782 atomis
1085 721 1202 782 vicinus

122 825 164 885 sit
186 829 217 885 et
238 829 383 902 perpetuo
407 845 439 884 se
462 830 589 887 moveat.
633 825 700 885 Hoc
722 825 844 902 spiritus
873 829 956 884 motu
986 824 1075 884 etiam
1105 828 1202 883 terrae

121 933 238 989 atomos
268 927 381 988 moveri
411 932 497 1000 tunc,
530 947 597 986 cum
619 927 669 986 ille
692 932 801 987 terram
824 925 940 1006 quatiat
969 931 999 986 et
1020 917 1201 1012 ‘apoidovorv'

121 1029 224 1089 faciat.
268 1031 312 1088 Ea
333 1028 425 1104 igitur
447 1030 547 1101 verba,
571 1029 680 1108 quibus
697 1028 844 1104 Epicurus
866 1029 902 1086 de
919 1027 1120 1098 concussione
1142 1033 1200 1089 ter·

119 1151 173 1191 rae
195 1132 266 1207 agit,
290 1149 367 1210 quae
388 1136 479 1190 vento
501 1130 555 1189 fiat
576 1133 629 1191 sub
653 1135 761 1190 terram
785 1135 904 1206 recepto
928 1134 959 1188 et
980 1129 1065 1188 iuxta
1085 1134 1200 1189 atomos

122 1233 189 1293 eius
217 1233 315 1310 posito
345 1237 550 1311 perpetuoque
574 1253 605 1292 se
628 1237 783 1304 movente,
814 1251 984 1292 communes
1015 1232 1200 1292 conditiones

120 1335 255 1394 omnium
285 1341 376 1395 vento
406 1335 579 1395 effectarum
608 1335 834 1394 concussionum
863 1333 1042 1408 significant.
1086 1336 1124 1393 In
1154 1354 1199 1394 se·

121 1437 283 1516 questibus
305 1436 516 1497 accuratiorem
540 1436 770 1512 descriptionem
792 1441 1006 1512 exspectamus,
1029 1437 1108 1494 unde
1126 1455 1198 1496 ven·

120 1545 171 1598 tus
194 1545 277 1598 ortus
300 1539 347 1598 sit.
392 1539 427 1597 Id
449 1539 481 1597 in
503 1538 555 1612 iis,
587 1556 664 1617 quae
685 1557 780 1617 nsque
803 1539 899 1598 adhuc
920 1557 1018 1618 neque
1041 1539 1198 1617 quisquam

118 1640 281 1714 intellexit,
304 1659 402 1720 noque
425 1658 480 1716 ego
504 1645 585 1700 certe
608 1642 764 1700 emendare
787 1660 915 1716 possum,
939 1639 1108 1717 expositum
1126 1644 1197 1698 erat.

117 1742 178 1801 Sed
193 1742 367 1823 prinsquam
383 1763 459 1823 quae
476 1742 667 1802 difficultates
683 1743 830 1803 enuntiati
851 1738 911 1828 ‘sul
926 1733 959 1799 ιδ
975 1741 1092 1815 πνεῦμα
1109 1742 1197 1799 τοῦτο

118 1834 144 1920 ἢ
165 1840 279 1915 ἔξωθεν
302 1838 544 1928 ἔμπεριλαμβάνρ
573 1842 606 1904 ἐκ
628 1846 683 1904 τοῦ
705 1843 824 1903 πίπτειν
854 1840 896 1912 εἰς
918 1835 1017 1918 ἐδάφη
1040 1835 1061 1920 ἢ
1082 1841 1124 1912 εἰς
1146 1838 1198 1901 ἀν-

118 1943 263 2026 τροειδεῖς
284 1942 398 2017 τόκους
419 1948 472 2024 τῆς
488 1949 543 2027 γῆς
560 1944 593 2007 ἔκ
612 1938 791 2022 πνευμάτων
813 1939 865 2005 τάν
886 1942 1083 2022 πεπιλημένον
1105 1938 1196 2025 ἀέρά,

120 2048 198 2122 sint,
222 2050 368 2123 docemus,
392 2069 468 2130 qnae
491 2054 671 2130 sequuntur,
694 2049 872 2108 intueamur.
915 2048 1061 2125 Epicurus
1083 2050 1196 2125 pergit:

117 2143 195 2209 κατά
223 2143 336 2227 ταύτην
364 2145 396 2210 δὲ
419 2143 473 2228 τήν
496 2145 632 2210 διάδοσιν
660 2151 713 2226 τῆς
743 2144 889 2226 κινήσεως
919 2147 952 2210 ἐκ
973 2151 1033 2209 τῶν
1055 2143 1195 2209 πτεάσεοεν

117 2248 243 2325 ἐδαφῶν
264 2253 379 2313 πολλῶν
402 2250 453 2312 καὶ
468 2246 557 2312 πάλιν
576 2247 788 2326 ἀνταπόδοσιν,
811 2245 882 2312 ὅταν
904 2245 1099 2329 ποκνάμασιν
1121 2269 1194 2327 σφο-

117 2350 269 2435 δροτέροις
290 2356 344 2432 τῆς
364 2357 420 2435 γῆς
442 2347 600 2439 ἀπαντήσῃ
631 2351 778 2432 ἐνδέχεται
806 2347 946 2430 σεισμοάς
975 2348 1193 2416 ἀποτελεῖσθαι.

117 2457 216 2519 Etiam
238 2459 312 2520 haec
333 2458 468 2535 intellegi
490 2463 633 2536 possunt:
664 2460 720 2519 hac
749 2458 827 2517 enim
858 2456 1067 2518 distributione
1096 2464 1193 2519 motus

117 2559 170 2638 (sc.
193 2560 336 2639 spiritus),
364 2561 450 2638 lapsu
472 2561 733 2620 fundamentorum
759 2558 920 2619 multorum
949 2558 1066 2619 incitati
1095 2565 1125 2619 et
1145 2579 1193 2619 re-

116 2681 260 2738 percussu
288 2664 340 2740 (sc
363 2664 486 2741 spiritus
508 2663 603 2739 moti),
633 2682 699 2722 cnm
727 2661 906 2721 firmioribus
934 2666 1030 2721 terrae
1058 2661 1193 2738 pertibus

118 2765 260 2842 progredi
281 2765 451 2843 prohibitus
473 2764 519 2838 sit,
542 2770 639 2825 terrae
661 2769 760 2823 motus
782 2763 884 2823 oritur.
928 2765 952 2822 E
971 2763 1071 2823 verbis
1094 2769 1192 2824 antem

117 2858 202 2954 ικατά
223 2861 334 2943 ταύτην
356 2862 388 2926 δὲ
410 2861 464 2944 τὴν
487 2858 628 2927 διάδοσιν’
651 2867 749 2926 elucet
769 2867 828 2925 iam
850 2866 882 2924 in
897 2865 1141 2927 antecedentibus
1157 2867 1193 2925 de

118 2969 330 3030 distributione
346 2969 469 3046 spiritus
484 2970 597 3050 aliquid
613 2969 782 3047 expositum
798 2988 870 3030 esse.
906 2970 1013 3049 Itaque
1029 2989 1090 3028 non
1104 2970 1191 3028 modo

116 3071 217 3132 verbis
244 3070 305 3131 illis
327 3072 461 3131 obscuris
484 3073 602 3133 doctum
624 3078 683 3145 est,
713 3073 792 3132 unde
814 3077 923 3132 ventus
946 3077 1028 3131 ortus
1050 3072 1104 3145 sit,
1138 3073 1190 3131 sed

115 3173 207 3233 etiam
235 3174 315 3233 unde
338 3177 389 3232 adr
411 3180 523 3236 motum
546 3175 668 3251 ceperit.
711 3175 817 3254 Neque
847 3174 1048 3234 tamen‘hssc
1071 3192 1110 3232 ex
1130 3173 1190 3232 illis

113 3276 281 3353 intelleges.
325 3276 460 3336 Primum
490 3276 570 3336 enim
600 3277 748 3336 obiectum
779 3277 862 3336 deest
889 3276 982 3337 verbo
1015 3271 1190 3354 ἐμπεριλαμ-

114 3364 210 3461 βάνρ,
241 3380 321 3457 quod
351 3378 466 3438 etiamsi
495 3379 703 3440 substituimus
733 3378 903 3438 coniectura
929 3382 1052 3440 ventum
1080 3383 1189 3439 terram
1279 3416 1280 3420 =

114 3479 289 3556 complecti,
320 3484 421 3540 tamen
449 3501 511 3541 non
535 3483 628 3543 rerba
655 3474 683 3567 ιἢ
705 3471 827 3553 ἕξωθεν’
848 3485 879 3541 et
900 3471 928 3567 ιἢ
949 3477 990 3550 εἰς
1012 3475 1190 3560 ἀντροειδεῖς

112 3573 235 3651 τάπους’
258 3582 396 3658 opposita
410 3589 488 3656 sunt,
510 3585 561 3643 ssd
583 3580 625 3669 ⁴ta
647 3583 701 3641 τοῦ
723 3582 840 3643 πίπτειν
862 3580 904 3651 εἰς
927 3575 1032 3658 luders
1054 3602 1135 3664 o.q.s.
1158 3590 1189 3645 et

111 3680 164 3772 ‘sig
186 3676 366 3763 ἀντροειδεῖς
387 3676 514 3756 τόκουςΙ
558 3685 590 3744 Si
618 3690 716 3746 antem
744 3677 773 3771 ‘d
795 3677 915 3756 r'saesv’
938 3690 969 3746 et
990 3678 1020 3772 ‘d
1040 3681 1082 3756 εἰς
1103 3682 1185 3768 ἀντρ.

112 3780 187 3844 roro?
209 3792 290 3847 recte
312 3794 430 3849 servata
451 3807 516 3848 esse
539 3788 704 3861 statuimus,
727 3790 851 3849 verbum
866 3808 974 3865 regens
989 3791 1187 3851 accusativum

112 3880 166 3946 τδν
180 3885 378 3966 πεπιλημένον
393 3884 466 3970 ἀέρα
481 3890 673 3951 desideratur.
704 3890 822 3951 Deinde
835 3884 1094 3977 ‘tpucprlupddvp'
1109 3900 1186 3954 stare

111 3991 228 4070 nequit,
250 4011 319 4051 nam
334 3993 359 4053 si
381 3993 624 4055 aconiunctione
645 3985 718 4051 ὅταν
739 3994 848 4069 prioris
864 3997 1012 4056 enuntiati
1033 3999 1186 4073 penderet,

111 4113 175 4153 non
196 4096 314 4170 tempus
335 4113 475 4172 praesens
497 4095 680 4173 efflagitatur
702 4097 752 4156 sed
775 4097 930 4172 aoristum,
961 4099 1184 4184 quincentum,
