2616 4582
546 314 758 383 ..40-

152 471 247 528 XXXI,
262 476 307 519 14:
325 471 379 518 item
396 473 427 517 in
443 469 657 530 Macedonica!
702 473 743 529 25,
761 473 785 518 4.
816 471 847 516 Ia
870 469 1068 517 Macedonia
1093 485 1180 530 amque,
1218 484 1223 537 Ἰ

118 556 248 615 periodica
267 558 422 604 aidiccadita
437 558 514 615 maci,
532 558 567 605 ad
577 558 641 603 Ha-
667 565 692 604 ut
710 557 746 604 cit
765 556 1032 616 Theophrastus,
1050 557 1127 602 aaran
1145 563 1179 614 eet,
1220 546 1223 585 l

116 641 306 688 liaomcaem
324 641 425 700 ducere,
452 642 496 701 qui
510 643 582 702 cipro
600 650 641 689 aad
667 644 703 689 ad
719 657 786 702 quem
803 641 941 702 qaifacerc
955 655 1011 689 caea
1026 641 1097 688 albas
1113 642 1180 688 voluer

115 727 194 785 liesca,
214 729 257 774 ad
273 725 394 774 Axiam.
666 729 722 785 ruint,
741 727 871 775 addemnat.
896 744 963 788 quem
980 734 1006 774 at
1018 727 1105 774 daciae
1118 733 1180 787 pata·

666 828 727 870 vere,
745 828 794 860 non
804 814 876 881 aldor
892 829 963 873 piam
978 814 1082 875 infictae
1098 820 1180 859 mutan

208 897 403 958 (Theophrastus
421 899 555 959 laudatur.)
664 905 710 945 tur.
740 898 774 945 At
792 900 815 944 ri
828 899 881 946 silis
897 913 957 960 opem
966 894 1021 959 fiiis
1038 899 1098 946 lanu
1109 898 1178 959 pulla,
1221 878 1223 931 i

661 991 767 1045 paratas
781 985 899 1045 praedas
917 985 1019 1045 infletur
1036 992 1086 1032 aet:
1102 983 1135 1032 ad
1144 985 1178 1030 Po

664 1074 734 1118 neten
751 1071 848 1118 wedam
865 1085 957 1130 propera
974 1069 1106 1131 adpellunt

201 1227 279 1300 Ergo
303 1244 378 1305 quae
401 1225 603 1300 Theophrasto
627 1225 768 1284 debeatur
797 1227 875 1301 apud
897 1226 1030 1284 Plinium
1058 1226 1091 1283 in
1111 1225 1177 1282 libro
1221 1192 1223 1231 ζ

114 1327 226 1386 XXXI
246 1333 276 1386 et
297 1328 375 1403 apud
397 1327 538 1386 Senecam
560 1327 592 1385 in
615 1327 691 1386 libro
706 1328 769 1400 III,
795 1328 892 1387 eidem
914 1329 1000 1402 fonti,
1024 1330 1141 1404 Isigono
1154 1330 1178 1385 et
1218 1360 1223 1399 .·

117 1429 253 1503 Varroni,
277 1430 368 1489 tribui
391 1449 451 1488 non
474 1428 552 1487 lieet.

111 1590 114 1595 ·
199 1549 245 1607 De
267 1549 373 1608 ceteris
394 1549 491 1621 rebus,
515 1567 590 1626 quas
610 1548 669 1606 iam
689 1549 926 1625 Theophrastum
948 1550 1083 1610 docuisse
1103 1549 1177 1625 igno·

114 1671 220 1723 ramus,
243 1652 320 1710 idem
344 1651 531 1711 statuendum
554 1651 619 1710 erit.
663 1651 740 1709 Sane
762 1652 1001 1712 narratiunculae
1024 1653 1060 1710 de
1082 1649 1177 1710 insulis

115 1756 150 1811 ad
175 1754 298 1813 Cutilias
327 1759 357 1812 et
383 1754 415 1811 in
445 1753 511 1811 lacu
540 1752 716 1812 Vadimonio
747 1754 918 1814 natantibus
946 1756 1025 1831 apud
1047 1753 1177 1813 Senecam

115 1857 263 1915 simillima
286 1860 356 1916 sunt
369 1855 491 1928 Isigono
515 1856 593 1928 apud
615 1855 832 1914 Ps.·S0tionem
855 1877 879 1915 c.
896 1857 945 1916 37.
962 1862 1012 1930 38,
1035 1863 1066 1916 et
1082 1857 1178 1915 Varro-

115 1979 182 2017 nem
204 1960 301 2034 ipsum
324 1959 425 2016 eadem
449 1957 559 2015 dixisse
582 1956 698 2015 Plinius
721 1962 846 2017 testatur
868 1960 904 2017 N.
922 1960 1179 2032 H.111,12,1oa:

114 2064 152 2138 ,in
176 2080 250 2135 agro
272 2063 392 2118 Reatino
412 2060 535 2116 Cutiliae
558 2059 662 2128 laeum,
689 2061 718 2116 in
740 2079 794 2135 quo
809 2063 972 2139 fluctuetur
995 2062 1102 2132 iacula,
1128 2062 1178 2118 Ila·

115 2165 172 2220 lae
194 2163 357 2220 archiliorum
385 2182 446 2219 esse
466 2163 509 2219 M.
533 2163 628 2217 Varro
653 2160 765 2232 tradit’,
802 2164 853 2221 sed
883 2164 908 2222 si
936 2163 1003 2223 illas
1033 2183 1072 2222 ex
1099 2163 1179 2222 huius

113 2265 299 2324 mirabilibus
320 2265 454 2324 historiis
474 2266 662 2338 depromptas
685 2282 749 2322 esse
771 2265 924 2339 credimus,
949 2268 1050 2325 eadem
1072 2265 1179 2326 ratione

115 2369 202 2427 etiam
218 2367 349 2426 Plinium
365 2386 440 2445 quae
461 2367 586 2442 praebet
602 2364 633 2421 in
654 2362 670 2441 §
690 2370 749 2422 209
773 2367 842 2425 libri
857 2368 891 2425 H
914 2373 944 2427 et
964 2368 1089 2447 reliqua,
1114 2384 1181 2448 quae

114 2472 193 2529 inter
208 2470 349 2528 Senecam
365 2476 395 2529 et
409 2468 540 2527 Plinium
556 2467 586 2543 (l.
600 2467 644 2544 II)
661 2470 858 2543 consentiunt,
875 2471 970 2528 eidem
986 2469 1125 2546 scriptori
1140 2473 1182 2528 de·

114 2574 185 2654 berc
208 2573 385 2631 censendum
409 2577 461 2630 est.
506 2570 572 2628 Hoc
595 2576 693 2629 autem
716 2590 837 2646 prorsus
865 2573 967 2647 negari
990 2590 1113 2631 necesse
1135 2577 1183 2630 est

116 2675 271 2738 Quomodo
295 2676 374 2732 enim
397 2672 530 2747 intellegi
552 2677 660 2747 potest,
683 2691 735 2731 cur
752 2673 866 2732 Plinius
888 2674 920 2731 iu
942 2674 993 2733 lib.
1009 2676 1050 2746 II,
1073 2674 1099 2732 si
1115 2674 1184 2733 Var-

114 2778 197 2836 ronis
219 2777 319 2849 libros,
342 2778 373 2834 in
398 2776 506 2855 quibus
528 2774 676 2850 permulta
697 2793 736 2833 ex
751 2775 953 2852 Theophrasto
977 2777 1071 2852 petite
1095 2782 1186 2847 erant,

115 2881 173 2938 alia
196 2879 325 2939 auctoris
347 2880 467 2938 nomine
490 2876 595 2949 allato,
628 2877 685 2934 alia
707 2879 827 2936 nomine
848 2898 910 2936 non
932 2878 1021 2938 allato
1044 2879 1187 2952 adhibuit,

115 3001 230 3058 semper
252 2982 340 3040 huius
362 2980 524 3040 doctrinam
548 2980 689 3050 omiserit,
713 2999 891 3057 quamquam
910 3000 998 3057 saepe
1013 2982 1147 3057 perbene
1162 2982 1188 3040 ei

43 3164 45 3168 ἱ
115 3082 297 3164 quadrabat?
340 3084 480 3155 Minime;
512 3081 628 3140 Plinius
658 3082 776 3161 quidem
807 3088 837 3142 et
857 3085 969 3144 Seneca
996 3086 1032 3142 ad
1055 3084 1189 3143 eiusdem

115 3187 190 3245 alius
213 3187 341 3245 auctoris
363 3204 461 3244 rerum
477 3185 656 3244 mirabilium
671 3185 820 3261 epitomen
836 3185 940 3244 referri
960 3190 1095 3260 possunt,
1119 3187 1191 3266 quia

114 3289 188 3348 alter
205 3289 298 3362 magis
321 3309 385 3348 cum
401 3288 494 3346 altero
511 3287 667 3360 consentit,
690 3306 778 3365 quam
793 3307 859 3346 cum
875 3288 1017 3359 Varrone,
1040 3289 1091 3346 sed
1108 3294 1191 3349 uter-

114 3411 172 3471 que
199 3391 281 3449 illam
311 3392 460 3468 epitomen
488 3394 522 3449 ut
550 3389 593 3447 ita
622 3391 725 3462 dicam,
756 3410 815 3448 non
845 3391 881 3448 ab
909 3391 1003 3466 ipsius
1032 3391 1189 3468 scriptoris

113 3515 202 3553 manu
231 3495 394 3570 profectam
423 3494 474 3552 sed
506 3495 543 3552 ab
572 3494 665 3552 altero
694 3493 880 3552 immutatam
910 3493 1062 3566 adhibuit,
1093 3494 1189 3552 Plinii

113 3604 232 3657 auctore
254 3597 335 3655 illam
357 3602 472 3657 tentum
495 3597 690 3668 exscribente,
714 3595 842 3655 Senecae
858 3596 947 3656 etiam
963 3595 1190 3673 Theophrastaa

114 3701 268 3759 adiciente.
314 3697 388 3761 Quis
411 3719 480 3772 ergo
504 3700 667 3758 communis
689 3699 757 3758 fons
780 3697 843 3758 est?
951 3696 952 3701 ’

199 3820 295 3879 Aliter
325 3825 414 3899 atque
445 3819 554 3878 Rosius
584 3824 613 3877 et
642 3820 777 3879 Rohdius
806 3820 996 3879 Hermannus
1026 3819 1111 3878 Diels
1142 3820 1188 3896 (in

113 3921 200 4000 proll.
223 3923 346 3996 doxogr.
369 3942 397 3997 p.
415 3922 490 3999 229)
514 3920 652 3996 opinatus
675 3927 719 3982 est
740 3923 937 3999 Theophrasti
958 3924 1132 3981 memoriam
1156 3924 1188 3981 in

112 4023 426 4087 Senecionem
456 4044 495 4083 ex
517 4023 676 4082 Posidonio
707 4036 853 4085 servatam
882 4045 954 4084 esse.
999 4025 1099 4086 Huius
1128 4027 1189 4086 viri

113 4127 275 4189 doctissimi
297 4127 446 4187 sententia
468 4145 506 4184 ne
529 4131 607 4184 stare
628 4127 731 4202 possit,
755 4146 933 4207 quamquam
948 4147 1061 4201 vereor,
1084 4133 1187 4189 tamen
