2616 4582
554 277 779 399 550-

138 455 240 496 nervos
263 436 340 495 ατΙιιι
361 433 500 495 chortato
524 437 686 515 torpenter!
715 456 795 518 e.q.s.
839 434 969 498 Senecae
990 440 1087 499 aetate
1106 457 1137 499 ea
1152 436 1187 500 ris

136 537 214 599 laeui
235 541 357 600 Averno
379 557 440 598 non
461 538 566 614 inerat,
589 544 624 601 ut
645 539 794 601 StraboV
816 559 845 618 p.
862 541 956 600 2450
979 544 1010 601 et
1031 540 1185 602 Servinsol
1222 616 1225 621 Ι

138 640 226 718 Verg.
242 644 316 701 Aen.
331 641 391 716 III,
410 647 472 700 442
495 641 605 705 dieunt.
650 642 757 723 Itaque
785 648 911 720 apparot
932 642 1073 704 Senecam
1100 642 1185 703 deseri
1223 662 1226 667 ·

137 743 271 821 ptionem
288 764 327 804 ex
344 746 448 806 eodem
470 751 590 806 auctore
611 745 753 819 hausisse,
777 764 891 825 exque
907 763 950 819 ea,
973 765 1050 826 quae
1064 747 1100 806 de
1113 751 1187 808 terrae

139 846 269 931 mqtibus
291 850 322 907 et
343 849 379 907 de
399 848 533 908 fontibus
554 847 587 906 in
607 847 694 907 libris
713 847 748 907 11
765 851 796 908 et
812 847 865 906 111
880 849 1029 925 exposuit,
1052 869 1089 908 ax
1106 849 1187 908 eodan

139 947 229 1008 etiam
251 948 391 1024 Plinium,
415 967 491 1031 quae
514 949 550 1008 de
572 952 692 1010 Averno
716 947 733 1028 S
757 954 817 1008 208
841 949 974 1026 seripsit;
997 968 1066 1010 nam
1088 951 1187 1011 stoioun

140 1050 229 1111 huius
251 1050 365 1112 fontem
386 1050 479 1111 fuisse
500 1049 534 1109 in
556 1051 616 1111 fine
638 1051 817 1129 paragraphi
840 1054 1072 1127 demonstratur,
1101 1051 1187 1112 ubido
1217 1044 1221 1077 ³

138 1153 260 1215 numine
275 1153 378 1216 divino
395 1154 538 1235 loquitur,
561 1159 596 1214 ut
616 1155 676 1213 iem
690 1159 779 1214 antea
801 1153 911 1213 monui.
955 1155 1120 1216 Nonnullos
1132 1154 1187 1214 chs-
1222 1188 1226 1199 ·

139 1275 231 1317 ronea
252 1255 328 1317 tales
349 1256 487 1334 regiones
508 1276 615 1320 vocare
638 1257 693 1331 ait,
717 1277 776 1338 quo
799 1256 920 1317 nomine
942 1257 1032 1317 etiam
1055 1256 1140 1319 Stoiei
1155 1254 1189 1314 nsi
1220 1264 1228 1281 '¹

139 1365 217 1434 sunt,
239 1364 316 1421 teste
332 1359 466 1436 Diogene
483 1359 551 1433 VII,
572 1363 647 1418 123:
670 1354 711 1417 ἔτι
733 1377 765 1436 γε
787 1350 839 1417 τδν
860 1351 958 1432 eoois
981 1353 1071 1419 οὐδὲν
1091 1348 1190 1434 tuopt-

139 1463 194 1534 ζειν
215 1462 275 1521 τοῖν
297 1453 467 1521 δοκούντων
488 1452 679 1540 παραδόξων,
703 1451 768 1520 οἷον
789 1456 949 1541 Χαρώνεια
970 1459 1022 1522 καὶ
1040 1456 1192 1540 ἀμπώτιδας

138 1561 189 1626 καὶ
220 1556 317 1643 πηγὰς
345 1566 469 1644 θερμῶν
497 1555 617 1623 δδοὶτων
645 1559 698 1622 καὶ
724 1555 821 1642 παρδς
843 1557 1075 1642 ἀναφυσήματα.
1115 1564 1194 1626 Etiam

139 1669 220 1749 quod
241 1672 343 1729 auotor
363 1667 433 1728 libri
455 1669 492 1728 de
513 1668 623 1727 mundo
645 1666 691 1726 IV
713 1687 742 1744 p.
759 1667 912 1730 395526
938 1669 973 1728 de
995 1669 1043 1729 his
1064 1668 1136 1729 loeis
1153 1685 1193 1725 ex·

139 1771 255 1847 posuit:
286 1761 397 1846 δμοίως
426 1764 531 1829 δὲκαὶ
560 1770 620 1828 τῶν
648 1760 828 1844 πνευμάτων
858 1762 953 1829 πολλὰ
984 1771 1131 1848 πολλαχοῦ
1154 1767 1197 1848 γῆς

139 1867 246 1949 στόμια
267 1865 423 1955 ἀνέωνται,
447 1858 490 1931 οἷν
511 1866 548 1931 αδ
571 1865 624 1947 μὲν
642 1868 803 1931 ἕνθουσιᾶν
820 1875 903 1931 ποιεῖ
914 1865 985 1942 τοδς
1001 1867 1198 1948 ἒμπελάζοντας

140 1967 176 2034 roi
198 1970 230 2035 δὲ
252 1969 410 2056 σἰτροφεῑν,
442 1967 478 2034 ιδ
499 1970 532 2034 δὲ
553 1972 754 2057 χρησμῳδεῖν,
777 1968 876 2056 ὅσπερ
899 1969 935 2035 τοὶ
958 1973 990 2036 ἕν
1013 1978 1142 2051 Δελφοῖς
1159 1968 1199 2034 ανδ
1239 1978 1243 1983 ’

141 2074 297 2160 Λεβαδίμ·
321 2072 357 2138 ταὶ
379 2073 412 2139 δὲ
432 2074 483 2137 καὶ
506 2071 696 2136 παντάπασιν
717 2073 841 2158 ἀναιρεῖ,
864 2074 1004 2158 καθάπερ
1027 2073 1060 2138 αδ
1084 2076 1116 2141 ἐν
1133 2079 1201 2158 Φρν·
1242 2098 1245 2105 ·

142 2179 192 2263 γίρι
215 2200 254 2240 ex
268 2181 429 2243 Posidonio
451 2160 575 2242 fluxisse
590 2181 717 2243 videtur.
761 2182 848 2242 Certe
863 2183 993 2244 Seneooe
1009 2184 1103 2244 verba
1120 2183 1203 2243 eidem

37 2272 41 2277 ¹
140 2283 300 2344 tribuenda
321 2290 398 2358 sunt,
422 2303 519 2365 neque
542 2284 653 2358 dubito,
677 2284 751 2364 quin
768 2284 901 2346 Lueretii
920 2305 1041 2367 quoque
1057 2306 1161 2349 versus
1175 2284 1204 2344 do
1235 2352 1250 2377 ,Ι

37 4040 71 4261 l

139 2386 207 2447 laon
226 2389 348 2448 Averno
370 2387 600 2448 Posidonienam
623 2386 788 2447 doctrinam
810 2389 944 2449 reddent.

225 2488 366 2570 Sequitur
393 2491 425 2549 in
455 2490 594 2551 carminis
623 2489 796 2551 Lucretiani
817 2511 866 2553 vv.
884 2493 1031 2551 848-78
1056 2489 1207 2569 descriptio
1246 2480 1256 2555 ξ’·

139 2592 233 2654 fontis
253 2595 333 2671 apud
355 2593 533 2654 Hammonis
559 2594 670 2655 fanum.
715 2592 799 2656 Quae
829 2594 975 2668 narratio,
1009 2594 1080 2674 quia
1107 2592 1210 2671 saepis·
1252 2570 1256 2635 ’ἶ

141 2695 215 2756 sime
244 2695 414 2771 invenitur,
446 2698 483 2756 ad
506 2716 594 2778 quem
616 2697 730 2757 fontem
752 2697 868 2771 redeat,
900 2695 1023 2756 difficile
1046 2700 1093 2757 est
1116 2698 1154 2756 ad
1174 2695 1212 2755 di-

138 2797 336 2860 iudicandum.
381 2799 491 2859 Tamen
512 2819 616 2860 versus
634 2800 799 2858 ata-905
824 2800 861 2858 de
881 2799 966 2860 fonte
989 2799 1156 2860 Dodonaeo
1179 2817 1214 2859 ex

141 2899 302 2961 Posidonio
331 2902 455 2963 fluxisse
485 2901 734 2963 verisimillimum
762 2906 821 2975 est,
853 2921 919 2962 oum
949 2903 985 2961 de
1012 2902 1106 2961 Aradi
1135 2902 1215 2962 fonte

141 3005 272 3066 narratio
299 3005 431 3065 eiusdem
453 3006 501 3066 sit.
545 3006 612 3065 Meo
634 3005 699 3064 iure
722 3008 851 3066 statuere
881 3005 955 3064 mihi
976 3004 1095 3078 videor,
1130 3005 1218 3066 etiam

142 3126 218 3187 quea
239 3107 371 3182 Plinius,
394 3108 457 3171 sive
480 3109 544 3168 eius
566 3112 668 3168 auotor
691 3107 862 3182 Muoianus,
891 3109 927 3167 de
947 3107 1032 3168 fonte
1054 3106 1218 3168 Dodonaeo

140 3210 173 3270 in
196 3210 291 3289 §228
315 3211 462 3284 disseruit,
483 3211 543 3270 iam
565 3212 598 3270 in
620 3210 706 3271 stoici
728 3210 809 3269 illius
830 3209 1001 3287 philosophi
1023 3209 1147 3288 seriptis
1169 3232 1220 3273 ox·

141 3313 253 3374 stitisse
259 3333 267 3384 ;
290 3333 362 3372 num
376 3318 475 3374 autem
490 3319 602 3376 temere
619 3312 803 3386 oonieoerirn,
826 3333 875 3375 vv.
894 3312 1017 3372 848-7
1022 3317 1039 3370 8
1060 3333 1100 3373 ex
1116 3317 1221 3376 eodem

141 3434 276 3476 manasse
300 3435 360 3476 non
382 3416 470 3477 aliter
491 3421 581 3496 atque
602 3415 695 3474 Plinii
717 3416 823 3475 verba:
854 3417 945 3492 ,Jove
968 3416 1138 3476 Hammonis
1160 3427 1222 3477 reo·

138 3538 227 3597 gnum
251 3519 376 3578 zirtrrdio
390 3519 538 3600 frigidum
561 3519 691 3578 noctibus
705 3517 814 3599 [τουτί’
837 3518 888 3578 alii
909 3519 1051 3579 iudioent.

226 3623 267 3683 Ut
289 3642 405 3684 oausam
429 3624 527 3684 odoris
548 3622 680 3700 pestiferi
710 3623 792 3682 laous
814 3622 928 3682 Averni
950 3622 1109 3698 explanet,
1142 3644 1223 3685 oom-

142 3732 285 3787 memoret
306 3731 395 3803 poeta
417 3729 454 3787 ad
476 3727 619 3805 templum
643 3725 772 3786 Palladis
799 3725 832 3784 in
854 3744 921 3786 aree
943 3726 1133 3786 Athenarum
1157 3746 1224 3788 eor-

140 3829 223 3891 nioes
245 3849 307 3889 non
329 3829 485 3890 advolare:

296 3934 473 4010 usqueadeo
487 3931 627 4010 fugitant
647 3952 704 3990 non
727 3934 788 3990 ires
809 3931 938 3990 Palladis
960 3933 1040 3990 αονιὶι

292 4035 436 4112 pervigili
454 4054 553 4106 οοαοα,
580 4035 695 4093 Graium
720 4043 752 4092 ut
772 4037 900 4094 cecinere
917 4043 1038 4112 poetae.

207 4136 267 4198 755
294 4137 345 4196 sed
364 4145 470 4196 notura
493 4138 553 4196 [σοι’
572 4138 603 4194 αι’
622 4135 686 4195 ibus
708 4135 804 4215 officit
824 4138 886 4214 ipso
909 4144 1023 4213 suopte.
