2616 4582
584 253 812 337 Ι-ιο-

164 409 295 486 pertinet
317 410 353 469 ad
375 412 472 470 terrae
500 413 606 484 motus,
636 429 675 470 ex
697 412 891 489 doxographo
913 411 1038 472 Dielesii
1061 415 1092 473 et
1112 413 1244 475 Senecae

163 513 308 572 Naturell.
325 511 557 576 Quaestiouibus
579 513 745 574 accuratius
767 515 926 575 decernere
948 535 1119 591 possumne,
1142 520 1245 577 utrum

163 615 319 677 Lucretius
339 635 407 675 eum
429 616 524 674 solum
551 620 670 676 secutus
697 617 737 677 sit
767 636 869 677 neone.
914 617 981 676 Hoc
1010 618 1089 676 enim
1119 620 1245 679 concedi

162 737 283 778 neccsse
305 721 350 778 est
371 717 431 777 iam
453 717 576 777 dubium
598 737 671 792 esse,
694 739 765 778 num
790 720 946 780 Lucretius
969 720 1103 795 magistri
1125 725 1245 781 tentum

164 821 257 881 libros
285 820 468 894 adhibuerit,
500 821 524 880 si
556 821 620 881 eius
649 822 784 883 doctrina
812 843 877 883 cum
900 824 1049 899 Epicurea
1077 824 1245 899 dissentiat,

165 942 263 1004 neque
285 928 385 985 tamen
409 944 473 984 cum
496 924 555 982 alio
577 924 757 1002 philosopho
773 945 839 986 eam
855 927 1023 987 consentire
1039 927 1245 987 demonstrare

165 1027 254 1087 etiam
275 1026 365 1086 hodie
387 1046 561 1104 possumus:
591 1028 642 1087 sed
664 1028 690 1088 si
714 1049 774 1088 non
798 1028 893 1089 solum
916 1028 974 1088 alia
996 1034 1086 1110 atque
1109 1029 1245 1106 Epicuri,

164 1130 216 1188 sed
238 1128 328 1188 etism
349 1128 425 1187 elius
447 1128 620 1206 philosophi
643 1130 794 1190 cuiusdam
818 1131 936 1207 placitis
958 1129 1063 1190 similis
1086 1135 1139 1203 est,
1163 1131 1246 1191 veri·

164 1230 345 1291 simillimum
369 1250 433 1291 esse
456 1231 645 1292 confiteberis
666 1233 756 1293 huius
778 1253 897 1313 quoque
919 1233 1028 1292 librum
1050 1233 1083 1291 in
1105 1233 1246 1294 manibus

165 1333 297 1395 Lucretii
318 1334 420 1395 fuisse.

249 1438 357 1496 Nonne
379 1456 451 1498 vero
473 1438 586 1497 Seneca
615 1439 651 1497 de
673 1438 803 1516 Epicuro
826 1438 899 1499 dicit
921 1438 978 1511 VI,
1000 1443 1048 1512 20,
1067 1442 1101 1497 5:
1131 1440 1246 1516 ,Omnes

165 1542 236 1598 cetus
254 1559 339 1616 posse
359 1560 420 1598 csse
442 1559 545 1599 causus
566 1542 712 1617 Epicurus
735 1545 780 1599 ur't
796 1543 952 1619 pluresque
974 1542 1051 1599 υίίυο
1073 1549 1248 1616 temptate!

165 1641 257 1712 ulios,
289 1645 340 1719 qui
361 1643 473 1720 aliquid
494 1662 578 1701 νιιιιιν
601 1664 638 1701 τω
661 1646 726 1702 rbus
748 1663 808 1702 csse
831 1643 1072 1721 adfirmauerunt,
1104 1646 1243 1720 corripit,

166 1763 228 1802 cum
250 1747 291 1803 sic
313 1745 434 1803 arduum
457 1747 491 1803 dc
513 1746 569 1817 lu's,
593 1765 668 1824 quac
684 1747 850 1804 contectura
872 1745 1012 1822 sequendo
1028 1754 1105 1817 suut,
1131 1745 1249 1822 aliquid
1295 1825 1299 1829 ·

166 1850 241 1905 τινα·
258 1847 450 1924 promittere)
493 1850 601 1908 Nonne
624 1849 716 1925 igitur
738 1849 901 1908 verisimile
923 1851 969 1907 est
986 1848 1147 1925 Epicurum
1171 1837 1271 1907 aiio?

165 1971 231 2008 rum
262 1950 507 2027 philosophorum
539 1951 703 2011 sententias
733 1949 929 2010 retractasse?
974 1949 1099 2008 Minime
1127 1968 1167 2007 ex
1196 1949 1247 2010 his

163 2053 264 2114 verbis
286 2054 421 2114 conicere
443 2054 513 2115 licet
535 2055 653 2114 scholae
675 2060 826 2115 auctorem
855 2054 948 2114 multo
980 2054 1080 2131 piures
1110 2053 1246 2113 rationes

165 2156 393 2216 concussionum
422 2160 520 2218 terrae
551 2156 741 2235 attulissei),
774 2176 862 2236 quam
893 2157 1030 2217 novimus
1062 2175 1101 2215 ex
1131 2154 1248 2215 Seneca

166 2258 293 2338 aliisque
315 2259 465 2333 fontibus,
495 2278 564 2319 nam
587 2264 650 2320 toto
673 2259 725 2319 illo
748 2261 906 2320 enunciato
929 2259 1005 2317 nihii
1027 2259 1107 2317 aliud
1130 2257 1247 2334 signifi·

166 2379 232 2420 care
250 2361 347 2421 voluit
363 2361 431 2436 nisi,
455 2364 533 2442 quod
556 2362 675 2439 saepius
697 2362 805 2434 aiebat,
827 2366 862 2422 ut
877 2362 955 2438 apud
971 2361 1137 2436 Diogenem
1152 2361 1246 2419 Laer·
1298 2440 1301 2445 Ι

165 2463 240 2523 tium
262 2462 302 2537 X,
322 2468 397 2524 113:
421 2455 454 2523 cd
478 2458 510 2522 dd
526 2462 597 2540 μίαν
615 2462 711 2522 αἰτίαν
727 2455 840 2522 τούτων
859 2455 1048 2536 ἀποδιδόναι,
1073 2463 1246 2540 πλεοναχῶς
1302 2450 1304 2457 ’

166 2569 226 2648 τῶν
256 2562 448 2643 φαινομένων
478 2562 716 2644 ἐκκαλουμένων,
750 2558 878 2642 μανικόν
905 2563 956 2626 καὶ
985 2560 1022 2625 οὐ
1045 2556 1247 2641 καθηκόντως

165 2664 370 2748 πραττόμενον
391 2660 451 2728 dno*
468 2671 527 2729 τῶν
545 2663 601 2746 τήν
616 2667 743 2746 ματαίαν
765 2662 960 2748 ἀστρολογίαν
982 2660 1170 2745 ἐζηλωκότων
1193 2663 1247 2727 καί

167 2767 209 2841 είς
230 2763 263 2829 τό
286 2763 373 2830 κενόν
396 2768 492 2842 αἰτίας
513 2773 603 2832 τινων
626 2763 845 2842 ἀποδιδόντων,
869 2765 942 2830 ὅταν
962 2764 1018 2848 τήν
1039 2768 1128 2829 θείαν
1149 2763 1246 2844 φύσιν

166 2870 288 2950 μηδαμῆ
311 2875 500 2953 λειτουργιῶν
516 2866 681 2947 οἰττολόωσι,
704 2880 735 2934 et
756 2875 788 2933 in
811 2873 828 2952 5
850 2878 923 2933 114:
946 2866 978 2932 cd
1000 2867 1033 2931 δὲ
1050 2863 1155 2943 όντλνῖς·
1169 2865 1246 2932 οἰκο-

167 2974 329 3050 φαίνεσθαι
351 2973 418 3056 περὶ
441 2969 557 3037 τούτων
580 2972 719 3053 καθῆκόν
735 2973 796 3036 ἔστι
817 2979 879 3045 τοῖς
897 2967 1107 3055 τερατεύεσθαί
1123 2996 1151 3033 τι
1165 2966 1246 3054 τυρός

166 3070 236 3146 τούς
258 3071 385 3149 πολλοός
404 3075 616 3157 βουλομένους,
640 3080 822 3161 quodetiam
839 3079 995 3140 Lucretius
1011 3078 1055 3136 VI
1074 3078 1244 3138 702—712

167 3186 282 3254 mouet;
310 3182 400 3242 immo
422 3184 632 3261 philosophum
649 3181 834 3257 Gargettium
857 3181 1010 3241 nonnullis
1031 3180 1199 3240 rationibus
1213 3184 1247 3241 et

166 3285 299 3362 priorum
322 3288 352 3346 et
374 3288 418 3346 sui
437 3287 531 3363 ipsius
547 3285 735 3359 enumeratis,
759 3288 793 3346 ut
806 3286 904 3344 facere
920 3283 1043 3357 solebat,
1066 3283 1247 3344 affirmasse:

167 3384 219 3445 καὶ
240 3380 304 3446 κατ’
326 3378 432 3458 όίλλους
454 3383 486 3447 δὲ
507 3381 640 3469 τρόπους
662 3385 781 3457 πλείους
809 3379 863 3456 τός
892 3379 1024 3462 κινήσεις
1051 3377 1163 3455 ταύτας
1191 3385 1246 3461 τῆς

167 3492 221 3569 γῆς
243 3489 385 3568 γίνεσθαι,
407 3496 530 3568 apparet
545 3511 584 3550 ex
599 3490 734 3566 Diogene
749 3490 789 3563 X,
810 3495 867 3548 106
885 3494 916 3550 et
929 3488 995 3548 loco
1010 3488 1140 3547 Senecae
1155 3488 1245 3547 modo

165 3595 293 3654 laudato.
338 3597 386 3653 Ex
414 3594 462 3653 his
491 3594 591 3673 verbis
617 3592 793 3669 permissum
824 3591 881 3651 sibi
911 3609 976 3650 esse
1005 3594 1094 3667 poeta
1123 3591 1246 3650 credere

167 3783 300 3831 Metrodori
313 3781 428 3843 Epicurei
441 3782 494 3828 rita
511 3786 536 3828 et
548 3781 653 3842 scriptis,
672 3779 773 3840 Lipsiae
788 3780 855 3827 1870
874 3793 897 3838 p.
912 3779 952 3825 22.
988 3777 1073 3824 Herm.
1084 3776 1156 3824 Diels
1168 3777 1246 3825 doxo-

167 3868 263 3928 gruphi.
282 3870 353 3928 proll.
373 3882 397 3928 p.
411 3867 468 3916 225.

238 3953 262 4016 7)
281 3954 352 4013 Quod
370 3953 473 4001 coniecit
486 3951 622 4000 Woltierus
640 3965 664 4011 p.
680 3950 735 4008 152,
755 3949 797 4008 qui
815 3947 937 4008 quomodo
955 3947 1089 4008 Epicurum
1106 3946 1137 3994 ds
1149 3947 1246 3997 Aetnae

168 4053 265 4099 quoque
289 4040 418 4100 eruptione
443 4038 571 4099 scripsisse
598 4036 646 4085 sibi
671 4035 779 4097 potuerit
805 4034 963 4095 persuadere,
991 4033 1104 4092 equidem
1129 4047 1182 4081 uon
1207 4033 1247 4081 in·

167 4126 265 4186 tellego.
