2616 4582
540 1056 664 1149 caput
687 1057 741 1129 11.

459 1206 519 1272 De
551 1208 817 1288 paradoxis.

185 1397 284 1457 Etiam
300 1397 439 1456 derebus
454 1396 597 1455 mirandis
611 1397 805 1457 Posidonium
820 1399 913 1459 mults
928 1400 1063 1460 docuisse
1079 1401 1177 1472 oredo,

96 1505 131 1562 et
153 1520 332 1582 quamquam
354 1518 448 1575 pauoa
471 1499 579 1558 diserte
602 1499 630 1558 oi
652 1499 842 1574 tribuuntur,
875 1506 975 1561 tamen
1004 1501 1082 1561 liber
1104 1503 1176 1575 eius,

97 1605 132 1662 in
148 1622 208 1683 quo
224 1621 259 1662 ea
273 1601 421 1674 uacum,
443 1601 562 1660 restitui
577 1605 677 1678 potest
694 1622 733 1661 ex
747 1603 901 1676 Strabone,
924 1604 1044 1677 Seneoa,
1068 1604 1176 1663 Plinio.

99 1708 209 1785 Neque
237 1709 335 1764 antem
365 1705 512 1763 contendo
536 1704 729 1763 Posidonium
757 1706 861 1778 talem,
893 1725 981 1784 quam
1005 1706 1194 1782 Antigonus

96 1807 252 1885 Carystius
274 1807 425 1886 ceterique
448 1807 498 1884 qui
514 1810 643 1867 aetatem
665 1807 799 1869 tulerunt
820 1809 1090 1886 paradoxographi,
1114 1810 1176 1885 epi-

98 1913 202 1969 tomen
225 1910 386 1986 soripsisse,
407 1909 441 1967 in
464 1928 523 1989 qua
545 1910 622 1969 nihil
643 1910 724 1971 aliud
747 1930 835 1990 quam
859 1910 1009 1970 mirabiles
1031 1910 1176 1970 ausculta-

98 2012 199 2073 tiones
221 2011 423 2085 onumeravit,
447 2014 497 2071 sed
521 2013 585 2072 eius
607 2013 758 2089 paradoxa
779 2013 812 2071 in
833 2012 918 2072 libris
940 2013 1177 2089 meteorologiois

99 2116 273 2188 exstabant,
304 2119 338 2173 ut
360 2115 489 2174 Senecae
519 2115 551 2173 in
572 2115 649 2174 libro
672 2117 722 2174 III
744 2114 931 2176 Naturalium
953 2113 1175 2187 Quaestionum,

96 2217 151 2277 vel
172 2217 204 2274 in
226 2217 311 2276 libris
338 2213 405 2294 περὶ
431 2208 593 2289 Ὠκεανοῦ,
617 2224 648 2277 st
670 2236 704 2276 ea
725 2218 841 2292 attulit,
864 2223 898 2278 ut
920 2219 999 2297 quod
1023 2219 1058 2276 de
1081 2221 1177 2277 terrae

99 2319 231 2379 motibus
260 2319 385 2398 aliisque
416 2321 505 2379 rebus
536 2338 686 2397 exponere
715 2320 824 2393 voluit,
857 2320 1022 2380 aoouratius
1055 2322 1176 2378 demon·

97 2426 214 2483 straret

185 2526 224 2585 ut
246 2526 372 2584 eundem
393 2525 526 2584 Lucretii
549 2530 699 2585 auotorem
721 2525 813 2586 fuisse
835 2526 1054 2585 demonstrabo.
1097 2525 1174 2583 Nam

98 2646 165 2688 oum
180 2627 293 2687 fontem
304 2627 497 2686 Dodonaeum
509 2627 656 2688 desoribat
671 2633 768 2704 posta,
783 2629 815 2687 in
826 2648 875 2689 vv.
894 2632 954 2686 890
968 2648 1032 2707 sqq.
1048 2626 1118 2686 libri
1130 2626 1174 2686 VI

96 2730 171 2788 haee
193 2729 290 2789 canit:

205 2833 281 2910 qaod
298 2851 391 2908 ganas
413 2832 483 2890 endo
506 2833 609 2890 martit
630 2833 731 2890 Aradi
740 2832 825 2911 sons,
850 2832 942 2890 dulcis
963 2834 1054 2909 aquai

204 2937 257 3012 qui
275 2935 364 2992 scatit
385 2942 415 2992 et
433 2935 530 2992 salsos
551 2936 660 2992 αι’νουυι
681 2953 713 2992 aa
734 2935 855 2994 dimovet
877 2934 985 2993 andos:

204 3045 234 3093 et
254 3037 352 3095 mollis
374 3038 443 3096 altis
460 3037 583 3116 praebet
603 3038 769 3115 regionibus
791 3056 897 3115 aequor

204 3139 356 3197 utilitatem
379 3149 568 3216 opportunam
591 3139 749 3199 sitz'oatr'bu'
771 3142 878 3210 nautes,

204 3242 279 3316 qaod
300 3241 393 3299 duleis
414 3243 489 3299 sister
511 3241 603 3300 salsas
625 3245 789 3302 zistoroomit
810 3243 912 3301 undas.

97 3342 214 3406 Quibus
235 3343 267 3401 in
286 3343 423 3405 versibus
445 3345 547 3404 eadem
569 3345 685 3405 rationo
708 3347 744 3404 de
760 3345 852 3404 Aradi
874 3345 958 3405 fonte
979 3346 1096 3407 loeutus
1117 3353 1172 3418 est,

96 3464 158 3525 qua
172 3444 279 3505 Strabo
293 3445 371 3506 XVI
392 3467 421 3523 p.
439 3446 547 3507 7530:
569 3437 621 3505 Ἐν
643 3441 675 3506 δὲ
697 3450 760 3517 τοῖς
778 3443 920 3523 πολέμοις
941 3444 974 3506 ἐκ
995 3449 1050 3507 τοῦ
1072 3439 1170 3526 πόρου

96 3539 205 3628 μικρὸν
233 3541 292 3626 πρὸ
316 3550 369 3625 τῆς
390 3541 504 3618 πόλεως
525 3541 719 3629 ὑδρεύονται,
751 3542 850 3629 πηγήν
879 3546 995 3626 ἔχοντες
1025 3543 1171 3623 ἀφθόνου

94 3643 215 3721 ὕδατος.
245 3652 380 3732 sequitur
402 3652 512 3711 deindo
533 3653 693 3730 descriptio
715 3653 893 3732 aquationis,
916 3657 978 3713 tum
1000 3653 1099 3729 pergit
1120 3672 1171 3711 au-

95 3760 178 3816 ctor:
206 3746 240 3813 ad
270 3748 324 3830 μὲν
354 3739 411 3812 οὖν
441 3755 561 3833 πρῶτον
591 3748 754 3831 ἀναθλιβὲν
783 3748 816 3814 vd
840 3756 894 3832 τῆς
922 3746 1072 3830 θαλάττης
1094 3751 1168 3813 ἐστι·

94 3854 313 3936 περιμείναντες
335 3849 367 3914 δὲ
388 3849 442 3932 τήν
464 3858 518 3916 τοῦ
539 3859 680 3938 καθαροῦ
701 3853 752 3916 καὶ
775 3855 903 3935 ποτίμου
932 3850 1042 3926 ὕδατος
1070 3849 1168 3934 ῥύσιν,

95 3951 361 4036 ὑπολαμβάνουσιν
382 3954 424 4029 εἰς
446 3953 549 4040 ἀγγεῖα
571 3955 847 4039 παρεσκευασμένα,
870 3952 942 4019 ὅσον
965 3951 1003 4018 dv
1025 3953 1095 4043 aliq,
1118 3953 1170 4017 καὶ

95 4053 325 4143 πορθμεύουσιν
345 4057 388 4132 εἰς
409 4055 465 4140 τὴν
485 4055 580 4123 πόλιν.
