2616 4582
442 240 716 306 «47-

82 391 112 448 Η
127 385 160 449 δὲ
178 389 329 471 Σιρβυνλς
351 391 437 471 λίμνη
459 389 551 473 πολλὴ
573 392 629 473 μέν
646 393 723 457 ἔστι·
745 394 795 456 καί
820 389 875 478 γαλρ
899 397 997 475 χιλίων
1017 397 1148 459 σταδίων

82 488 207 570 είρήκασί
229 515 304 564 τινες
335 491 386 555 τύν
410 491 534 558 κύκλον·
561 544 739 559 ........
764 495 948 578 ἀγχιβαθής,
979 495 1148 580 βαρύτατον

82 593 178 672 ίχυυσα
202 591 298 676 deep,
330 592 402 657 dou
425 593 466 674 μη
490 599 552 660 δεῖν
574 596 746 680 κολύμβου,
777 595 848 662 diti
871 596 921 662 νῦν
944 596 1073 681 ίμβύντα
1095 601 1147 663 καί

82 696 170 776 ιὲχρις
201 692 339 774 ῦμφαλοῦ
371 697 525 779 προβύντα
556 697 649 774 eddela
679 704 863 782 ίξαίρεσθαι·
897 701 985 780 μεστή
1015 699 1040 764 d'
1069 702 1147 765 ἐστίν

82 795 228 872 λσφύλτου
250 807 327 861 κτλ.
374 806 479 884 Neque
502 808 600 866 minus
615 811 709 869 verba
730 810 862 868 eiusdem
884 809 1062 885 paragraphi
1085 810 1145 867 Pli-

82 904 129 962 rii:
159 906 312 982 ‘Similiter
335 909 364 964 iu
377 908 502 986 flumine
524 911 623 967 Siluro
646 911 724 967 ultro
748 911 918 968 Surrentum
942 931 997 969 nou
1019 913 1146 987 νίνςνίλο

82 1007 151 1063 nodo
174 1009 306 1066 immersu
330 1029 424 1067 verum
455 1020 484 1067 el
503 1008 584 1087 solio
608 1008 799 1087 lapidescunt,
832 1013 908 1070 olias
936 1012 1051 1070 salubri
1074 1022 1147 1089 polu

82 1110 130 1165 eius
146 1108 248 1186 oprtae'
271 1111 366 1169 eidem
389 1113 502 1171 auetori
525 1113 683 1172 tribuenda
705 1133 768 1173 esse
791 1115 864 1172 mihi
887 1114 1027 1191 persuasi.
1072 1116 1145 1173 Eam

82 1211 150 1269 inim
173 1210 261 1269 Silari
284 1212 345 1272 vim
368 1214 457 1273 etiam
480 1235 508 1291 p.
526 1220 584 1274 251
610 1215 715 1275 Strabo
741 1217 889 1276 narravit:
912 1210 1050 1290 ῦιήκουσι
1073 1208 1097 1273 d’
1116 1214 1148 1275 οἱ

82 1312 216 1382 Πίκεντες
239 1309 319 1390 μέχρι
343 1316 397 1374 τοῦ
416 1310 575 1395 Σιλύριῦος
591 1320 730 1392 ποταμοῦ
747 1320 801 1376 τοῦ
817 1311 965 1394 ὁρίζοντος
988 1311 1050 1377 alud
1074 1312 1145 1375 ταύ-

82 1437 122 1491 της
145 1418 198 1490 τῆς
219 1411 317 1495 χώρας
339 1410 393 1494 τὴν
415 1412 539 1497 ἀρχαίαν
561 1420 578 1493 †
602 1419 803 1493 Καμπανίαν·
838 1413 885 1491 ἐφ’
907 1406 945 1478 οῦ
967 1413 1045 1478 τοῦτ’
1068 1418 1145 1478 λ’διον

82 1517 241 1597 ’στοροῦσιν
263 1515 331 1597 περὶ
354 1521 408 1578 τοῦ
430 1514 540 1589 ῦῦατος
556 1522 573 1595 †
590 1521 644 1579 τοῦ
660 1512 746 1592 ῦντος
769 1523 907 1598 ποταμοῦ
917 1522 965 1598 ⁸⁷)
989 1514 1022 1580 τῦ
1040 1517 1144 1580 καθιέ-

82 1641 160 1680 ιενον
184 1619 226 1691 είς
248 1615 321 1681 adad
345 1616 442 1696 φυτόν
465 1618 693 1683 ἀπολιθοῦσθαι
716 1617 865 1698 φυλάττον
894 1617 946 1699 τὴν
975 1617 1066 1701 χρόαν
1093 1619 1145 1682 καλ

82 1718 123 1799 την
153 1718 281 1800 μορφήν.
326 1725 431 1785 Paullo
461 1732 548 1787 antea
578 1729 613 1786 de
636 1729 851 1804 Campanorum
881 1725 1000 1784 luxuria
1021 1726 1143 1785 Posido-

82 1828 152 1886 iium
175 1827 340 1886 adhibitum
364 1848 428 1888 esse
450 1848 570 1889 necesse
593 1836 640 1888 est
660 1829 692 1887 in
714 1849 781 1905 pag.
798 1833 875 1887 250:
910 1829 1089 1901 Καμπανοῖς
1112 1824 1143 1886 δὲ

82 1925 182 2005 ιυνὲβη
206 1921 255 1988 did
279 1924 332 2006 τήν
354 1932 406 2007 τῆς
428 1924 527 2010 χώρας
549 1927 742 2007 εὐδαιμονίαν
765 1923 809 1990 ἐπ’
832 1927 897 1989 ίσον
919 1924 1046 2008 ἆγαθῦν
1068 1924 1143 1989 duo-

82 2034 177 2091 .αῦσαι
207 2028 257 2091 καί
280 2034 388 2092 κακῶν.
425 2030 473 2092 ἐπί
497 2035 640 2094 τοσοῦτον
661 2026 717 2113 yolo
735 2020 804 2093 *ed
820 2032 839 2068 ⁴*
857 2028 1043 2112 ἐτρύφησαν,
1077 2025 1143 2093 ὥστ’

84 2131 119 2192 πὶ
139 2131 260 2193 δεῖπνον
284 2127 409 2195 ἐκάλουν
432 2129 509 2215 πρῦς
530 2129 616 2215 ζεύγη
639 2130 827 2214 μονομάχων,
849 2128 992 2215 ὁρίζοντες
1009 2129 1143 2214 ἆριθμῦν

82 2230 144 2294 und
167 2230 220 2310 την
243 2241 301 2295 νῦν
324 2238 533 2317 [συνμλείπνοιν
557 2234 643 2311 ἀξίαν
664 2243 742 2297 κτλ.
788 2241 855 2299 Hoe
870 2240 1055 2299 enuntiatum
1072 2258 1142 2298 oon·

84 2341 162 2398 entit
177 2360 242 2399 oum
258 2342 412 2400 Athenaeo
428 2342 488 2416 ΠΙ,
510 2348 611 2402 153e:
635 2338 781 2421 Γερμανοὶ
804 2338 846 2411 dl,
870 2334 911 2409 ῦς
934 2339 1045 2418 ἱστορεῖ
1068 2341 1142 2399 Πο-

82 2441 146 2501 uzo
154 2435 178 2500 ω’
184 2462 260 2512 νιος
274 2439 305 2502 ἐν
316 2444 353 2525 τῇ
364 2446 533 2527 τριακοστῇ,
557 2438 677 2524 α”ριστον
691 2440 910 2521 προσφέρονται
925 2440 998 2520 κρέα
1015 2437 1141 2518 paludis

82 2535 229 2621 ῦπτημὲνα
257 2541 307 2602 καὶ
330 2542 499 2605 ἐπιπίνουσι
528 2540 600 2626 γύλα
623 2543 673 2605 καί
696 2539 748 2606 adv
770 2537 852 2606 οίνον
875 2538 1011 2625 ύκρατον.
1058 2546 1141 2621 Καμ-

82 2648 175 2707 ιανοῦν
198 2643 230 2705 δέ
251 2669 327 2717 τινες
349 2642 429 2726 παραὶ
452 2642 488 2707 τοὶ
511 2643 660 2725 συμπόσια
683 2650 892 2726 μονομαχοῦσι.
939 2642 1091 2717 Νικόλαος
1113 2640 1139 2705 δ’

82 2743 87 2802 ‚¹
102 2744 302 2825 Δαμασκηνὸς
316 2753 393 2809 κτλ.
439 2750 624 2831 Quamquam
639 2753 731 2827 igitur
747 2754 890 2812 Miillerus
905 2752 1031 2810 alterum
1047 2770 1140 2809 enun-

81 2855 174 2913 iatum
197 2854 345 2913 Athenaei
368 2855 404 2912 de
427 2854 583 2931 Campanis
605 2855 637 2912 in
658 2855 695 2913 fr.
714 2860 753 2913 32
777 2855 929 2912 Posidonii
953 2854 1067 2925 omisit,
1096 2860 1140 2912 ta·

82 2977 137 3016 nen
157 2977 216 3014 non
235 2957 346 3029 dubito,
370 2956 442 3035 quin
466 2956 523 3015 hoo
539 2973 657 3036 qnoque
680 2957 743 3014 eins
766 2956 812 3027 eit,
836 2960 866 3013 et
880 2953 1034 3012 Strabonis
1048 2955 1141 3014 verba

82 3079 163 3138 isque
186 3061 222 3116 ad
245 3059 334 3117 finem
349 3058 419 3118 dieti
435 3058 624 3128 Hannibalis,
647 3077 723 3138 quae
739 3077 804 3116 oum
819 3055 949 3114 Diodoro
966 3048 1081 3129 XXVI,
1102 3061 1136 3114 ll

82 3161 269 3233 ausentium,
292 3160 388 3218 eidem
409 3161 588 3237 philosopho
612 3161 753 3220 adscribo.

155 3264 251 3323 Etiam
280 3263 408 3321 fontium
434 3263 471 3320 ad
494 3261 682 3321 Chelidonias
712 3261 823 3320 insulas
851 3269 881 3320 et
903 3263 1033 3320 Aradum
1056 3268 1087 3321 et
1108 3263 1139 3320 in

82 3368 214 3424 iaditano
239 3383 348 3424 ooeano
372 3364 494 3424 sitorum
518 3364 626 3423 notitia
647 3383 686 3422 ex
707 3364 868 3423 Posidonio
891 3365 1036 3437 manavit,
1069 3365 1140 3444 quia

82 3472 160 3528 'orba
182 3468 336 3527 Strabonis
366 3468 401 3526 de
424 3468 523 3525 Arado
552 3467 585 3524 in
612 3485 641 3542 p.
659 3467 718 3525 753
735 3486 778 3545 eq.
807 3485 846 3524 ex
877 3485 911 3524 eo
940 3467 1046 3525 hausta
1075 3485 1138 3525 esse

82 3593 126 3632 am
156 3577 243 3630 antea
273 3570 350 3643 dixi,
381 3577 411 3629 et
432 3569 516 3627 illum
540 3570 576 3627 de
600 3568 743 3627 Gaditana
764 3569 886 3644 regione
909 3569 1002 3628 multa
1024 3568 1139 3646 quaesi-

82 3677 146 3734 isse
168 3693 255 3732 nemo
279 3679 325 3732 est
347 3673 419 3752 quin
442 3672 525 3731 soiat.
571 3669 656 3734 Quod
685 3678 783 3730 autem
812 3671 847 3728 de
870 3671 1051 3730 Chelidoniis
1073 3671 1137 3729 eal-

82 3779 212 3836 imaohus
240 3794 279 3833 ex
306 3775 431 3833 Eudoxo
458 3776 537 3849 apud
560 3773 743 3848 Antigonum
766 3774 957 3850 Caryst129
987 3774 1086 3832 doeet:
1116 3764 1137 3848 η’

82 3876 101 3938 li
124 3871 199 3936 καιῦ
225 3874 397 3945 Χελιδονίας
426 3870 472 3934 ὅτι
503 3871 552 3934 ἐπὶ
575 3867 669 3932 πολῦν
691 3869 785 3933 τόπον
807 3872 863 3950 ἔχει
884 3873 1020 3952 γλυκείας
1041 3869 1139 3953 πηγάς

136 4098 179 4166 37)
197 4101 333 4146 Kramerus
352 4097 498 4146 emendabat
515 4089 624 4146 Ἰταλίαν
642 4100 667 4143 ot
685 4087 756 4151 ὄντος
773 4093 877 4160 ποτίμου
896 4096 986 4144 omisso
1005 4093 1058 4145 τοῦ.
