2616 4582
506 301 698 364 ..3-

150 455 189 513 In
199 453 254 514 hac
266 456 422 516 Lucretius
434 453 553 515 disserit
568 455 604 514 de
618 459 715 515 terrae
731 455 860 515 motibus
876 455 937 533 (vv.
951 456 1141 534 esa-607),

63 557 101 615 de
116 559 224 616 natura
238 557 334 631 maris,
352 559 431 638 quod
446 576 598 636 nunquam
615 563 758 631 augeatur
773 557 956 636 (eet—39),
976 560 1011 619 de
1027 563 1142 620 Aetnae

65 659 275 735 eruptionibus
291 659 351 737 (vv.
366 658 557 736 eea-702),
581 659 688 719 deinde
703 679 782 721 novo
797 660 950 736 prooemio
964 661 1142 737 interposito

65 761 245 839 (702-11)
267 763 303 821 de
325 761 396 820 Nilo
419 761 608 839 (711-38),
640 762 676 819 de
699 761 765 820 lacu
787 764 907 822 Averno
938 762 1142 840 (tas-840),

64 864 103 921 de
132 883 210 943 aqua
240 869 413 940 puteorum,
446 882 522 944 quae
552 867 663 923 aestate
693 863 829 939 frigidior
858 864 898 923 sit
927 883 1014 944 quam
1044 865 1142 925 hieme

64 965 250 1044 (alo-48),
269 967 305 1025 de
317 967 401 1027 fonte
418 968 496 1051 apud
512 966 688 1025 Hammonis
703 966 805 1023 fanum
821 965 877 1025 sito
894 964 955 1043 (vv.
972 967 1142 1046 sla—79),

64 1068 102 1127 de
123 1069 208 1127 fonte
223 1069 384 1128 Dodonaeo
408 1069 612 1147 (ste-905),
636 1068 672 1125 de
693 1072 832 1143 magnete
855 1068 1081 1146 (eos-1090),
1107 1070 1143 1128 de

62 1170 236 1230 morborum
259 1190 347 1230 causa
369 1171 617 1250 (loeo-1137),
648 1169 776 1250 deniquo
799 1170 835 1228 de
857 1175 941 1246 peste
963 1172 1143 1233 Atheniensi

66 1273 317 1353 (rear-1285).

153 1375 284 1439 Quarum
299 1395 398 1435 rerum
415 1376 591 1452 discipulum
608 1375 843 1436 strenuissimum
865 1375 964 1454 ipsum
986 1376 1062 1436 nihil
1084 1377 1143 1439 nisi

65 1477 190 1555 Epicuri
212 1497 315 1539 causas
337 1479 472 1539 attulisse
494 1480 613 1537 credere
635 1496 767 1557 nequeo,
792 1497 891 1558 neque
913 1479 1054 1553 magister
1078 1479 1143 1559 qui-

64 1582 149 1654 dem,
180 1585 215 1640 ut
243 1581 355 1641 assecla
383 1580 495 1640 nullam
524 1580 611 1639 aliam
640 1580 787 1640 rationem
815 1599 904 1659 quam
930 1581 994 1658 ipse
1023 1582 1144 1657 diceret,

64 1665 239 1760 postulavit,
263 1683 333 1763 quia
355 1683 419 1759 ipse
441 1701 559 1760 semper
580 1703 640 1741 non
664 1686 759 1741 certas
781 1682 913 1743 rationes
934 1683 1068 1758 protulit,
1092 1684 1142 1743 sed

65 1787 197 1845 seribere
219 1784 333 1847 solebat
354 1786 442 1845 etiam
465 1785 538 1844 alias
554 1803 655 1844 causas
678 1804 776 1843 rerum
797 1802 861 1844 esse
882 1802 978 1860 posse,
1002 1803 1076 1863 quas
1091 1804 1145 1845 ne·

65 1888 167 1960 sciret,
190 1892 221 1946 et
234 1887 332 1946 insani
348 1907 412 1947 esse
427 1907 517 1945 unam
532 1890 567 1946 ut
581 1905 682 1947 veram
703 1885 847 1962 profiteri.
892 1887 1002 1945 Mirum
1025 1906 1144 1967 quoque

63 1991 153 2063 foret,
177 1989 202 2048 si
225 1990 388 2065 Epicureus
410 1989 489 2072 ullus
510 1989 570 2048 iam
593 1994 681 2047 antea
702 1989 739 2046 de
760 1987 866 2047 iisdem
889 1990 978 2048 rebus
998 1989 1144 2064 omnibus,

65 2094 104 2153 de
119 2091 228 2171 quibus
243 2091 406 2165 Lucretius,
429 2092 531 2150 eadem
547 2090 750 2170 quaesivisset,
774 2109 899 2169 quorum
922 2110 1084 2171 numquam
1106 2110 1145 2151 ne

63 2193 228 2269 vestigium
249 2193 367 2273 quidem
390 2198 540 2256 servatum
563 2197 616 2253 est.
660 2191 747 2256 Quod
770 2191 794 2252 si
816 2196 988 2269 reputamus
1018 2195 1145 2255 fortasse

64 2296 284 2373 suspicabimur
312 2299 428 2371 poetam
460 2295 550 2355 alium
573 2313 693 2375 quoque
714 2295 829 2354 fontem
851 2294 1021 2354 adhibuisse
1043 2297 1080 2355 ad
1103 2296 1145 2355 al·

64 2406 163 2461 teram
184 2398 255 2458 libri
270 2397 314 2456 VI
331 2402 447 2473 partem
470 2398 718 2474 componendam,
750 2415 848 2477 neque
872 2397 989 2457 crimini
1012 2400 1039 2458 ei
1064 2398 1146 2458 dabi-

64 2523 148 2575 mus,
181 2501 260 2580 quod
282 2502 421 2560 strenuus
443 2500 614 2576 philosophi
641 2499 754 2559 assecla
780 2501 935 2573 nonfuit,
967 2519 1146 2583 quamquam

54 2603 234 2667 doctrinam
257 2621 339 2661 suam
362 2621 401 2661 ex
421 2602 598 2678 placitorum
621 2605 657 2662 de
679 2604 768 2662 rebus
790 2602 976 2663 naturalibus
996 2601 1145 2677 florilegio

68 2707 198 2787 quodam
221 2704 278 2764 sibi
301 2705 427 2779 paravit.

155 2807 226 2866 Tale
248 2812 347 2866 autem
368 2806 547 2881 florilegium
570 2808 597 2865 ei
620 2808 652 2866 in
675 2806 811 2866 manibus
833 2807 926 2866 fuisse
948 2805 1049 2880 oredo,
1078 2825 1145 2865 cum

64 2910 133 2972 Nili
154 2909 360 2969 inundationis
381 2909 512 2969 rationes
528 2909 700 2986 explicaret,
725 2928 850 2988 quarum
865 2907 1028 2966 Woltierns
1043 2927 1146 2968 rursus

65 3033 136 3092 pag.
154 3016 213 3070 153
236 3011 390 3073 contendit
403 3011 566 3088 Epicurum
587 3012 701 3070 fontem
723 3011 816 3069 fuisse
837 3009 928 3088 idque
950 3028 1011 3068 non
1034 3027 1073 3068 ex
1087 3009 1146 3068 alia

66 3134 172 3189 eausa,
200 3114 263 3174 'nisi
286 3115 365 3193 quod
387 3113 590 3175 Democritum
614 3117 649 3174 de
671 3114 741 3172 Nilo
771 3111 923 3189 scripsisse
953 3129 992 3170 ex
1013 3111 1145 3173 Diodoro

65 3219 96 3293 I,
114 3223 170 3291 39,
193 3216 281 3278 Aetio
304 3215 427 3294 (Diales.
451 3215 587 3294 doxogr.)
610 3217 662 3289 IV,
684 3220 708 3287 l,
725 3220 760 3287 4,
791 3214 857 3274 aliis
879 3214 1068 3275 manifestum
1091 3221 1146 3289 est,

67 3319 154 3382 cuius
170 3317 349 3380 sententiam
359 3322 459 3394 poeta
479 3317 512 3375 in
526 3337 575 3378 vv.
589 3318 606 3376 7
611 3322 736 3376 29—34
752 3317 907 3393 receperit.
951 3315 1047 3380 Quam
1063 3317 1146 3377 Wol-

66 3421 140 3482 tieri
169 3421 347 3480 sententiam
369 3420 495 3480 multum
516 3421 668 3480 aberrasse
691 3439 709 3478 a
729 3438 801 3481 vero
824 3418 1030 3499 unusquisque
1053 3419 1145 3481 videt.
1229 3438 1254 3449 “

67 3522 166 3583 Miror
194 3521 289 3594 enim,
320 3522 400 3601 quod
422 3523 454 3580 in
477 3522 614 3590 omnibus
642 3522 737 3583 literis
759 3519 891 3600 antiquis
912 3523 1002 3583 huius
1024 3523 1147 3601 Epicuri

44 3625 223 3685 'doctrinas
253 3643 309 3683 nec
335 3623 405 3685 vola
432 3643 497 3684 neo·
515 3623 684 3699 vestigium.
728 3623 885 3684 Lucretius
915 3624 1079 3685 sententias
1110 3626 1147 3684 de

66 3725 316 3787 inundationibus
331 3727 419 3787 affert
438 3747 487 3788 vv.
501 3724 648 3786 715-24
666 3726 806 3800 Thaletis,
831 3727 976 3786 724-29
994 3727 1145 3806 anonymi,

69 3829 218 3889 tae-35
242 3829 439 3902 Callisthenis,
464 3828 610 3888 735-38
634 3832 829 3905 Anaxagorae
852 3834 882 3890 et
903 3829 1038 3888 aliorum.
1072 3830 1145 3888 Cum

68 3932 109 3991 iis
136 3930 286 3991 consentit
306 3931 490 4008 Pomponius
512 3931 591 3990 Mela
618 3931 643 4005 1,
657 3937 705 4011 ι53
729 3932 770 4008 (p.
787 3934 834 4005 18,
852 3937 869 3988 6
894 3931 1061 4009 Parthey.),
1094 3931 1147 4011 qui

69 4034 129 4093 hoc
150 4033 270 4106 ordine,
294 4032 440 4094 Herodoti
462 4033 577 4093 rationo
600 4034 722 4105 adiecta,
745 4037 880 4092 auctores
902 4034 1002 4094 affert:
1025 4037 1146 4092 Anaxa·

71 4153 183 4212 goram,
194 4135 389 4210 Herodotum,
402 4135 621 4209 Callisthenem,
633 4134 794 4208 Thaletem,
807 4153 996 4214 anonymum.
1019 4136 1075 4197 Vv.
1084 4137 1144 4195 715

903 4230 951 4295 sk
