<?xml version="1.0" encoding="UTF-8"?>
<!DOCTYPE html PUBLIC "-//W3C//DTD XHTML 1.0 Transitional//EN"
    "http://www.w3.org/TR/xhtml1/DTD/xhtml1-transitional.dtd">
<html xmlns="http://www.w3.org/1999/xhtml" xml:lang="en" lang="en">
 <head>
  <title>
</title>
<meta http-equiv="Content-Type" content="text/html;charset=utf-8" />
  <meta name='ocr-system' content='tesseract 3.04.00' />
  <meta name='ocr-capabilities' content='ocr_page ocr_carea ocr_par ocr_line ocrx_word'/>
</head>
<body>
  <div class='ocr_page' id='page_1' title='image "./deposidoniolucr00ruscgoog_0026.png"; bbox 0 0 2616 4582; ppageno 0'>
   <div class='ocr_carea' id='block_1_1' title="bbox 546 250 759 316">
    <p class='ocr_par' dir='ltr' id='par_1_1' title="bbox 546 250 759 316">
     <span class='ocr_line' id='line_1_1' title="bbox 546 250 759 316; baseline -0.009 -16"><span class='ocrx_word' id='word_1_1' title='bbox 546 250 759 316; x_wconf 67' lang='lat'>..11-</span> 
     </span>
    </p>
   </div>
   <div class='ocr_carea' id='block_1_2' title="bbox 110 405 1193 898">
    <p class='ocr_par' dir='ltr' id='par_1_2' title="bbox 111 405 1193 587">
     <span class='ocr_line' id='line_1_2' title="bbox 111 405 1193 489; baseline 0.002 -23"><span class='ocrx_word' id='word_1_2' title='bbox 111 405 223 484; x_wconf 84' lang='lat' dir='ltr'><strong>potuit,</strong></span> <span class='ocrx_word' id='word_1_3' title='bbox 245 409 280 468; x_wconf 89' lang='lat' dir='ltr'><strong>ut</strong></span> <span class='ocrx_word' id='word_1_4' title='bbox 297 410 328 469; x_wconf 89' lang='lat' dir='ltr'><strong>et</strong></span> <span class='ocrx_word' id='word_1_5' title='bbox 342 407 415 468; x_wconf 85' lang='lat' dir='ltr'><strong>aliae</strong></span> <span class='ocrx_word' id='word_1_6' title='bbox 431 427 520 489; x_wconf 84' lang='lat' dir='ltr'><strong>quem</strong></span> <span class='ocrx_word' id='word_1_7' title='bbox 537 408 678 485; x_wconf 83' lang='lat' dir='ltr'><strong>magister</strong></span> <span class='ocrx_word' id='word_1_8' title='bbox 694 427 795 470; x_wconf 79' lang='lat' dir='ltr'><strong>causes</strong></span> <span class='ocrx_word' id='word_1_9' title='bbox 818 408 939 468; x_wconf 81' lang='lat' dir='ltr'><strong>efferret</strong></span> <span class='ocrx_word' id='word_1_10' title='bbox 959 405 1085 487; x_wconf 80' lang='lat' dir='ltr'><strong>aliisquo</strong></span> <span class='ocrx_word' id='word_1_11' title='bbox 1107 406 1193 468; x_wconf 81' lang='lat' dir='ltr'><strong>libris</strong></span> 
     </span>
     <span class='ocr_line' id='line_1_3' title="bbox 111 509 584 587; baseline 0.004 -18"><span class='ocrx_word' id='word_1_12' title='bbox 111 512 235 587; x_wconf 83' lang='lat' dir='ltr'><strong>praeter</strong></span> <span class='ocrx_word' id='word_1_13' title='bbox 256 509 419 586; x_wconf 87' lang='lat' dir='ltr'><strong>Epicureos</strong></span> <span class='ocrx_word' id='word_1_14' title='bbox 440 515 584 573; x_wconf 88' lang='lat' dir='ltr'><strong>uteretur.</strong></span> 
     </span>
    </p>

    <p class='ocr_par' dir='ltr' id='par_1_3' title="bbox 110 611 1192 898">
     <span class='ocr_line' id='line_1_4' title="bbox 199 611 1192 675; baseline -0.001 -4"><span class='ocrx_word' id='word_1_15' title='bbox 199 611 327 674; x_wconf 83' lang='lat' dir='ltr'><strong>Videtur</strong></span> <span class='ocrx_word' id='word_1_16' title='bbox 347 618 445 674; x_wconf 85' lang='lat' dir='ltr'><strong>autem</strong></span> <span class='ocrx_word' id='word_1_17' title='bbox 467 613 519 673; x_wconf 87' lang='lat' dir='ltr'><strong>ille</strong></span> <span class='ocrx_word' id='word_1_18' title='bbox 535 634 553 673; x_wconf 84' lang='lat' dir='ltr'><strong>c</strong></span> <span class='ocrx_word' id='word_1_19' title='bbox 569 613 748 675; x_wconf 74' lang='lat' dir='ltr'><strong>Lucretiam</strong></span> <span class='ocrx_word' id='word_1_20' title='bbox 765 613 853 674; x_wconf 80' lang='lat' dir='ltr'><strong>valde</strong></span> <span class='ocrx_word' id='word_1_21' title='bbox 875 612 1022 673; x_wconf 86' lang='lat' dir='ltr'><strong>diversam</strong></span> <span class='ocrx_word' id='word_1_22' title='bbox 1044 612 1192 673; x_wconf 85' lang='lat' dir='ltr'><strong>rationem</strong></span> 
     </span>
     <span class='ocr_line' id='line_1_5' title="bbox 112 715 1192 796; baseline -0.001 -22"><span class='ocrx_word' id='word_1_23' title='bbox 112 715 271 775; x_wconf 82' lang='lat' dir='ltr'><strong>deterreo</strong></span> <span class='ocrx_word' id='word_1_24' title='bbox 293 716 423 778; x_wconf 87' lang='lat' dir='ltr'><strong>motibus</strong></span> <span class='ocrx_word' id='word_1_25' title='bbox 450 718 607 794; x_wconf 77' lang='lat' dir='ltr'>probasse,</span> <span class='ocrx_word' id='word_1_26' title='bbox 639 717 664 776; x_wconf 85' lang='lat' dir='ltr'><strong>si</strong></span> <span class='ocrx_word' id='word_1_27' title='bbox 687 716 806 796; x_wconf 89' lang='lat' dir='ltr'><strong>quidem</strong></span> <span class='ocrx_word' id='word_1_28' title='bbox 828 716 958 777; x_wconf 77' lang='lat' dir='ltr'><strong>Senecae</strong></span> <span class='ocrx_word' id='word_1_29' title='bbox 985 717 1073 775; x_wconf 87' lang='lat' dir='ltr'><strong>fidem</strong></span> <span class='ocrx_word' id='word_1_30' title='bbox 1101 715 1192 773; x_wconf 84' lang='lat' dir='ltr'><strong>hube-</strong></span> 
     </span>
     <span class='ocr_line' id='line_1_6' title="bbox 110 818 1192 898; baseline -0.001 -21"><span class='ocrx_word' id='word_1_31' title='bbox 110 836 189 877; x_wconf 88' lang='lat' dir='ltr'><strong>mus.</strong></span> <span class='ocrx_word' id='word_1_32' title='bbox 233 818 323 894; x_wconf 87' lang='lat' dir='ltr'><strong>Apud</strong></span> <span class='ocrx_word' id='word_1_33' title='bbox 339 837 406 878; x_wconf 89' lang='lat' dir='ltr'><strong>eum</strong></span> <span class='ocrx_word' id='word_1_34' title='bbox 428 819 507 879; x_wconf 90' lang='lat' dir='ltr'><strong>enim</strong></span> <span class='ocrx_word' id='word_1_35' title='bbox 531 826 580 894; x_wconf 82' lang='lat'><strong>20,</strong></span> <span class='ocrx_word' id='word_1_36' title='bbox 598 827 615 879; x_wconf 89' lang='lat'><strong>6</strong></span> <span class='ocrx_word' id='word_1_37' title='bbox 639 820 779 880; x_wconf 79' lang='lat' dir='ltr'>distinxit</span> <span class='ocrx_word' id='word_1_38' title='bbox 794 825 908 898; x_wconf 77' lang='lat' dir='ltr'>septem</span> <span class='ocrx_word' id='word_1_39' title='bbox 924 838 1041 896; x_wconf 83' lang='lat' dir='ltr'><strong>genera,</strong></span> <span class='ocrx_word' id='word_1_40' title='bbox 1065 838 1192 898; x_wconf 90' lang='lat' dir='ltr'><strong>quorum</strong></span> 
     </span>
    </p>
   </div>
   <div class='ocr_carea' id='block_1_3' title="bbox 111 920 1195 1004">
    <p class='ocr_par' dir='ltr' id='par_1_4' title="bbox 111 920 1195 1004">
     <span class='ocr_line' id='line_1_7' title="bbox 111 920 1195 1004; baseline -0.005 -22"><span class='ocrx_word' id='word_1_41' title='bbox 111 938 221 982; x_wconf 80' lang='lat' dir='ltr'><strong>causae</strong></span> <span class='ocrx_word' id='word_1_42' title='bbox 243 924 442 1002; x_wconf 78' lang='lat' dir='ltr'><strong>ostentaque</strong></span> <span class='ocrx_word' id='word_1_43' title='bbox 464 923 600 1000; x_wconf 85' lang='lat' dir='ltr'><strong>spiritus,</strong></span> <span class='ocrx_word' id='word_1_44' title='bbox 632 928 713 984; x_wconf 89' lang='lat' dir='ltr'><strong>terra</strong></span> <span class='ocrx_word' id='word_1_45' title='bbox 742 924 822 1000; x_wconf 84' lang='lat' dir='ltr'><strong>ipse,</strong></span> <span class='ocrx_word' id='word_1_46' title='bbox 854 927 885 983; x_wconf 88' lang='lat' dir='ltr'><strong>et</strong></span> <span class='ocrx_word' id='word_1_47' title='bbox 907 923 978 1004; x_wconf 90' lang='lat' dir='ltr'><strong>quia</strong></span> <span class='ocrx_word' id='word_1_48' title='bbox 1003 921 1123 1001; x_wconf 61' lang='lat' dir='ltr'><strong>⁶nulium</strong></span> <span class='ocrx_word' id='word_1_49' title='bbox 1146 920 1195 978; x_wconf 88' lang='lat' dir='ltr'><strong>ill&#39;</strong></span> 
     </span>
    </p>
   </div>
   <div class='ocr_carea' id='block_1_4' title="bbox 103 1023 1193 4187">
    <p class='ocr_par' dir='ltr' id='par_1_5' title="bbox 103 1023 1193 4187">
     <span class='ocr_line' id='line_1_8' title="bbox 106 1023 1191 1105; baseline 0 -24"><span class='ocrx_word' id='word_1_50' title='bbox 106 1023 210 1103; x_wconf 81' lang='lat' dir='ltr'><strong>ploret</strong></span> <span class='ocrx_word' id='word_1_51' title='bbox 229 1042 346 1083; x_wconf 79' lang='lat' dir='ltr'><strong>cuneum</strong></span> <span class='ocrx_word' id='word_1_52' title='bbox 370 1034 462 1083; x_wconf 83' lang='lat' dir='ltr'><strong>motus</strong></span> <span class='ocrx_word' id='word_1_53' title='bbox 483 1045 544 1084; x_wconf 89' lang='lat' dir='ltr'><strong>esse</strong></span> <span class='ocrx_word' id='word_1_54' title='bbox 566 1029 700 1084; x_wconf 84' lang='lat' dir='ltr'><strong>maiorem</strong></span> <span class='ocrx_word' id='word_1_55' title='bbox 723 1045 807 1105; x_wconf 87' lang='lat' dir='ltr'><strong>quum</strong></span> <span class='ocrx_word' id='word_1_56' title='bbox 828 1025 971 1104; x_wconf 84' lang='lat' dir='ltr'><strong>spiritum’</strong></span> <span class='ocrx_word' id='word_1_57' title='bbox 993 1027 1030 1084; x_wconf 94' lang='lat' dir='ltr'><strong>de</strong></span> <span class='ocrx_word' id='word_1_58' title='bbox 1052 1025 1109 1084; x_wconf 92' lang='lat' dir='ltr'><strong>hoc</strong></span> <span class='ocrx_word' id='word_1_59' title='bbox 1131 1040 1191 1082; x_wconf 87' lang='lat' dir='ltr'><strong>ma·</strong></span> 
     </span>
     <span class='ocr_line' id='line_1_9' title="bbox 110 1125 1191 1209; baseline 0 -24"><span class='ocrx_word' id='word_1_60' title='bbox 110 1126 196 1186; x_wconf 87' lang='lat' dir='ltr'><strong>xime</strong></span> <span class='ocrx_word' id='word_1_61' title='bbox 226 1127 343 1188; x_wconf 83' lang='lat' dir='ltr'><strong>locutus</strong></span> <span class='ocrx_word' id='word_1_62' title='bbox 373 1133 432 1202; x_wconf 86' lang='lat' dir='ltr'><strong>est,</strong></span> <span class='ocrx_word' id='word_1_63' title='bbox 467 1131 519 1188; x_wconf 86' lang='lat' dir='ltr'><strong>sed</strong></span> <span class='ocrx_word' id='word_1_64' title='bbox 545 1149 667 1206; x_wconf 83' lang='lat' dir='ltr'><strong>prorsus</strong></span> <span class='ocrx_word' id='word_1_65' title='bbox 697 1129 756 1189; x_wconf 88' lang='lat' dir='ltr'><strong>elio</strong></span> <span class='ocrx_word' id='word_1_66' title='bbox 784 1130 872 1188; x_wconf 90' lang='lat' dir='ltr'><strong>modo</strong></span> <span class='ocrx_word' id='word_1_67' title='bbox 902 1133 992 1209; x_wconf 84' lang='lat' dir='ltr'><strong>atque</strong></span> <span class='ocrx_word' id='word_1_68' title='bbox 1020 1125 1191 1200; x_wconf 85' lang='lat' dir='ltr'><strong>discipulus.</strong></span> 
     </span>
     <span class='ocr_line' id='line_1_10' title="bbox 110 1229 1191 1312; baseline 0 -24"><span class='ocrx_word' id='word_1_69' title='bbox 110 1229 222 1310; x_wconf 83' lang='lat' dir='ltr'><strong>Neque</strong></span> <span class='ocrx_word' id='word_1_70' title='bbox 251 1231 330 1291; x_wconf 89' lang='lat' dir='ltr'><strong>enim</strong></span> <span class='ocrx_word' id='word_1_71' title='bbox 361 1232 525 1312; x_wconf 85' lang='lat' dir='ltr'><strong>quaesivit,</strong></span> <span class='ocrx_word' id='word_1_72' title='bbox 557 1234 674 1312; x_wconf 88' lang='lat' dir='ltr'><strong>qualem</strong></span> <span class='ocrx_word' id='word_1_73' title='bbox 697 1233 921 1294; x_wconf 76' lang='lat' dir='ltr'><strong>concussionem</strong></span> <span class='ocrx_word' id='word_1_74' title='bbox 950 1250 1028 1311; x_wconf 84' lang='lat' dir='ltr'><strong>equa</strong></span> <span class='ocrx_word' id='word_1_75' title='bbox 1050 1230 1191 1302; x_wconf 86' lang='lat' dir='ltr'><strong>officeret,</strong></span> 
     </span>
     <span class='ocr_line' id='line_1_11' title="bbox 112 1331 1193 1414; baseline -0.001 -21"><span class='ocrx_word' id='word_1_76' title='bbox 112 1333 233 1412; x_wconf 86' lang='lat' dir='ltr'><strong>qualem</strong></span> <span class='ocrx_word' id='word_1_77' title='bbox 255 1335 378 1411; x_wconf 85' lang='lat' dir='ltr'><strong>spiritus</strong></span> <span class='ocrx_word' id='word_1_78' title='bbox 399 1336 449 1396; x_wconf 91' lang='lat' dir='ltr'><strong>vel</strong></span> <span class='ocrx_word' id='word_1_79' title='bbox 470 1341 550 1397; x_wconf 87' lang='lat' dir='ltr'><strong>terre</strong></span> <span class='ocrx_word' id='word_1_80' title='bbox 570 1337 643 1412; x_wconf 84' lang='lat' dir='ltr'><strong>ipsa,</strong></span> <span class='ocrx_word' id='word_1_81' title='bbox 667 1338 718 1396; x_wconf 87' lang='lat' dir='ltr'><strong>sed</strong></span> <span class='ocrx_word' id='word_1_82' title='bbox 741 1337 813 1397; x_wconf 84' lang='lat' dir='ltr'><strong>satis</strong></span> <span class='ocrx_word' id='word_1_83' title='bbox 829 1335 934 1395; x_wconf 90' lang='lat' dir='ltr'><strong>habuit</strong></span> <span class='ocrx_word' id='word_1_84' title='bbox 951 1335 1066 1414; x_wconf 87' lang='lat' dir='ltr'><strong>uliquot</strong></span> <span class='ocrx_word' id='word_1_85' title='bbox 1083 1331 1193 1409; x_wconf 86' lang='lat' dir='ltr'><strong>placita</strong></span> 
     </span>
     <span class='ocr_line' id='line_1_12' title="bbox 110 1437 1190 1519; baseline -0.003 -24"><span class='ocrx_word' id='word_1_86' title='bbox 110 1437 148 1496; x_wconf 91' lang='lat' dir='ltr'><strong>in</strong></span> <span class='ocrx_word' id='word_1_87' title='bbox 162 1456 256 1496; x_wconf 89' lang='lat' dir='ltr'><strong>unum</strong></span> <span class='ocrx_word' id='word_1_88' title='bbox 274 1443 466 1514; x_wconf 80' lang='lat' dir='ltr'><strong>conspectum</strong></span> <span class='ocrx_word' id='word_1_89' title='bbox 488 1440 697 1516; x_wconf 87' lang='lat' dir='ltr'><strong>composuisse,</strong></span> <span class='ocrx_word' id='word_1_90' title='bbox 720 1441 823 1519; x_wconf 55' lang='lat' dir='ltr'><strong>firgo,</strong></span> <span class='ocrx_word' id='word_1_91' title='bbox 849 1448 882 1496; x_wconf 86' lang='lat' dir='ltr'><strong>ut</strong></span> <span class='ocrx_word' id='word_1_92' title='bbox 897 1440 949 1510; x_wconf 86' lang='lat' dir='ltr'><strong>uit,</strong></span> <span class='ocrx_word' id='word_1_93' title='bbox 973 1445 1070 1515; x_wconf 81' lang='lat' dir='ltr'><strong>potest</strong></span> <span class='ocrx_word' id='word_1_94' title='bbox 1085 1445 1190 1493; x_wconf 88' lang='lat' dir='ltr'><strong>terrum</strong></span> 
     </span>
     <span class='ocr_line' id='line_1_13' title="bbox 113 1539 1191 1619; baseline -0.005 -20"><span class='ocrx_word' id='word_1_95' title='bbox 113 1559 289 1599; x_wconf 83' lang='lat' dir='ltr'><strong>commovere</strong></span> <span class='ocrx_word' id='word_1_96' title='bbox 311 1559 403 1618; x_wconf 84' lang='lat' dir='ltr'><strong>uque,</strong></span> <span class='ocrx_word' id='word_1_97' title='bbox 429 1544 458 1600; x_wconf 90' lang='lat' dir='ltr'><strong>si</strong></span> <span class='ocrx_word' id='word_1_98' title='bbox 474 1551 574 1619; x_wconf 79' lang='lat' dir='ltr'><strong>partes</strong></span> <span class='ocrx_word' id='word_1_99' title='bbox 596 1543 709 1619; x_wconf 56' lang='lat' dir='ltr'><strong>ulterius</strong></span> <span class='ocrx_word' id='word_1_100' title='bbox 730 1543 804 1601; x_wconf 84' lang='lat' dir='ltr'><strong>eluit</strong></span> <span class='ocrx_word' id='word_1_101' title='bbox 823 1552 851 1600; x_wconf 90' lang='lat' dir='ltr'><strong>et</strong></span> <span class='ocrx_word' id='word_1_102' title='bbox 872 1540 994 1611; x_wconf 83' lang='lat' dir='ltr'><strong>abrasit,</strong></span> <span class='ocrx_word' id='word_1_103' title='bbox 1019 1539 1121 1616; x_wconf 82' lang='lat' dir='ltr'><strong>qru‘bns</strong></span> <span class='ocrx_word' id='word_1_104' title='bbox 1143 1539 1191 1595; x_wconf 89' lang='lat' dir='ltr'><strong>de-</strong></span> 
     </span>
     <span class='ocr_line' id='line_1_14' title="bbox 112 1639 1191 1722; baseline -0.004 -20"><span class='ocrx_word' id='word_1_105' title='bbox 112 1645 167 1702; x_wconf 82' lang='lat' dir='ltr'><strong>siit</strong></span> <span class='ocrx_word' id='word_1_106' title='bbox 185 1663 270 1721; x_wconf 83' lang='lat' dir='ltr'><strong>posse</strong></span> <span class='ocrx_word' id='word_1_107' title='bbox 291 1647 453 1702; x_wconf 79' lang='lat' dir='ltr'><strong>entenuutis</strong></span> <span class='ocrx_word' id='word_1_108' title='bbox 475 1647 629 1716; x_wconf 77' lang='lat' dir='ltr'><strong>sustineri,</strong></span> <span class='ocrx_word' id='word_1_109' title='bbox 655 1644 732 1722; x_wconf 82' lang='lat' dir='ltr'><strong>quod</strong></span> <span class='ocrx_word' id='word_1_110' title='bbox 751 1647 874 1721; x_wconf 78' lang='lat' dir='ltr'><strong>integris</strong></span> <span class='ocrx_word' id='word_1_111' title='bbox 887 1641 1073 1722; x_wconf 83' lang='lat' dir='ltr'><strong>ferebatur&#39;‚·</strong></span> <span class='ocrx_word' id='word_1_112' title='bbox 1098 1639 1191 1700; x_wconf 86' lang='lat' dir='ltr'><strong>simil·</strong></span> 
     </span>
     <span class='ocr_line' id='line_1_15' title="bbox 111 1743 1191 1825; baseline -0.006 -18"><span class='ocrx_word' id='word_1_113' title='bbox 111 1747 187 1807; x_wconf 87' lang='lat' dir='ltr'><strong>lima</strong></span> <span class='ocrx_word' id='word_1_114' title='bbox 208 1766 306 1825; x_wconf 90' lang='lat' dir='ltr'><strong>neque</strong></span> <span class='ocrx_word' id='word_1_115' title='bbox 326 1751 427 1807; x_wconf 84' lang='lat' dir='ltr'><strong>tamen</strong></span> <span class='ocrx_word' id='word_1_116' title='bbox 450 1748 552 1807; x_wconf 87' lang='lat' dir='ltr'><strong>eedem</strong></span> <span class='ocrx_word' id='word_1_117' title='bbox 575 1753 621 1808; x_wconf 86' lang='lat' dir='ltr'><strong>est</strong></span> <span class='ocrx_word' id='word_1_118' title='bbox 644 1749 778 1808; x_wconf 88' lang='lat' dir='ltr'><strong>doctrina</strong></span> <span class='ocrx_word' id='word_1_119' title='bbox 801 1746 999 1806; x_wconf 84' lang='lat' dir='ltr'><strong>Anaximenis</strong></span> <span class='ocrx_word' id='word_1_120' title='bbox 1021 1745 1100 1822; x_wconf 85' lang='lat' dir='ltr'><strong>apud</strong></span> <span class='ocrx_word' id='word_1_121' title='bbox 1123 1743 1191 1801; x_wconf 84' lang='lat' dir='ltr'><strong>Ari·</strong></span> 
     </span>
     <span class='ocr_line' id='line_1_16' title="bbox 114 1845 1190 1928; baseline -0.007 -17"><span class='ocrx_word' id='word_1_122' title='bbox 114 1852 185 1911; x_wconf 82' lang='lat' dir='ltr'><strong>etot.</strong></span> <span class='ocrx_word' id='word_1_123' title='bbox 200 1851 353 1910; x_wconf 89' lang='lat' dir='ltr'><strong>meteorol.</strong></span> <span class='ocrx_word' id='word_1_124' title='bbox 375 1850 425 1923; x_wconf 92' lang='lat' dir='ltr'><strong>II,</strong></span> <span class='ocrx_word' id='word_1_125' title='bbox 443 1850 460 1908; x_wconf 83' lang='lat'><strong>7</strong></span> <span class='ocrx_word' id='word_1_126' title='bbox 485 1870 515 1927; x_wconf 86' lang='lat' dir='ltr'><strong>p.</strong></span> <span class='ocrx_word' id='word_1_127' title='bbox 532 1853 621 1910; x_wconf 83' lang='lat' dir='ltr'>365b</span> <span class='ocrx_word' id='word_1_128' title='bbox 645 1857 676 1912; x_wconf 93' lang='lat' dir='ltr'><strong>et</strong></span> <span class='ocrx_word' id='word_1_129' title='bbox 697 1852 775 1928; x_wconf 88' lang='lat' dir='ltr'><strong>apud</strong></span> <span class='ocrx_word' id='word_1_130' title='bbox 797 1849 938 1910; x_wconf 82' lang='lat' dir='ltr'><strong>Senecam</strong></span> <span class='ocrx_word' id='word_1_131' title='bbox 961 1850 999 1907; x_wconf 86' lang='lat' dir='ltr'><strong>N.</strong></span> <span class='ocrx_word' id='word_1_132' title='bbox 1015 1845 1050 1910; x_wconf 78' lang='lat' dir='ltr'><strong>Q.</strong></span> <span class='ocrx_word' id='word_1_133' title='bbox 1066 1846 1124 1919; x_wconf 84' lang='lat' dir='ltr'><strong>VI,</strong></span> <span class='ocrx_word' id='word_1_134' title='bbox 1145 1851 1190 1904; x_wconf 92' lang='lat'><strong>10.</strong></span> 
     </span>
     <span class='ocr_line' id='line_1_17' title="bbox 113 1950 1192 2033; baseline -0.006 -19"><span class='ocrx_word' id='word_1_135' title='bbox 113 1954 192 2014; x_wconf 79' lang='lat' dir='ltr'><strong>Nam</strong></span> <span class='ocrx_word' id='word_1_136' title='bbox 214 1953 266 2013; x_wconf 89' lang='lat' dir='ltr'><strong>ille</strong></span> <span class='ocrx_word' id='word_1_137' title='bbox 288 1953 380 2026; x_wconf 86' lang='lat' dir='ltr'>dixit,</span> <span class='ocrx_word' id='word_1_138' title='bbox 405 1954 547 2033; x_wconf 85' lang='lat' dir='ltr'><strong>quaedem</strong></span> <span class='ocrx_word' id='word_1_139' title='bbox 570 1958 669 2031; x_wconf 84' lang='lat' dir='ltr'><strong>partes</strong></span> <span class='ocrx_word' id='word_1_140' title='bbox 690 1956 816 2013; x_wconf 89' lang='lat' dir='ltr'><strong>humore</strong></span> <span class='ocrx_word' id='word_1_141' title='bbox 837 1952 982 2013; x_wconf 84' lang='lat' dir='ltr'><strong>resolutos</strong></span> <span class='ocrx_word' id='word_1_142' title='bbox 1005 1950 1139 2010; x_wconf 85' lang='lat' dir='ltr'><strong>decidere</strong></span> <span class='ocrx_word' id='word_1_143' title='bbox 1161 1950 1192 2008; x_wconf 87' lang='lat' dir='ltr'><strong>et</strong></span> 
     </span>
     <span class='ocr_line' id='line_1_18' title="bbox 112 2050 1191 2135; baseline -0.007 -17"><span class='ocrx_word' id='word_1_144' title='bbox 112 2059 185 2118; x_wconf 90' lang='lat' dir='ltr'><strong>inde</strong></span> <span class='ocrx_word' id='word_1_145' title='bbox 205 2061 364 2117; x_wconf 89' lang='lat' dir='ltr'><strong>tremorem</strong></span> <span class='ocrx_word' id='word_1_146' title='bbox 386 2057 503 2116; x_wconf 83' lang='lat' dir='ltr'><strong>adferre</strong></span> <span class='ocrx_word' id='word_1_147' title='bbox 526 2057 742 2133; x_wconf 82' lang='lat' dir='ltr'><strong>superioribus,</strong></span> <span class='ocrx_word' id='word_1_148' title='bbox 767 2056 929 2133; x_wconf 77' lang='lat' dir='ltr'><strong>Epicurus,</strong></span> <span class='ocrx_word' id='word_1_149' title='bbox 953 2055 1032 2135; x_wconf 91' lang='lat' dir='ltr'><strong>quod</strong></span> <span class='ocrx_word' id='word_1_150' title='bbox 1054 2050 1191 2130; x_wconf 87' lang='lat' dir='ltr'><strong>partibus</strong></span> 
     </span>
     <span class='ocr_line' id='line_1_19' title="bbox 114 2155 1191 2239; baseline -0.01 -16"><span class='ocrx_word' id='word_1_151' title='bbox 114 2164 282 2223; x_wconf 84' lang='lat' dir='ltr'><strong>sustentum</strong></span> <span class='ocrx_word' id='word_1_152' title='bbox 312 2162 405 2232; x_wconf 86' lang='lat' dir='ltr'><strong>esset,</strong></span> <span class='ocrx_word' id='word_1_153' title='bbox 438 2160 588 2233; x_wconf 88' lang='lat' dir='ltr'><strong>decidere,</strong></span> <span class='ocrx_word' id='word_1_154' title='bbox 621 2160 647 2218; x_wconf 86' lang='lat' dir='ltr'><strong>si</strong></span> <span class='ocrx_word' id='word_1_155' title='bbox 670 2179 747 2239; x_wconf 85' lang='lat' dir='ltr'><strong>uque</strong></span> <span class='ocrx_word' id='word_1_156' title='bbox 776 2164 876 2236; x_wconf 84' lang='lat' dir='ltr'><strong>partes</strong></span> <span class='ocrx_word' id='word_1_157' title='bbox 904 2158 1071 2219; x_wconf 79' lang='lat' dir='ltr'><strong>abrasisset.</strong></span> <span class='ocrx_word' id='word_1_158' title='bbox 1115 2155 1191 2213; x_wconf 83' lang='lat' dir='ltr'><strong>Tum</strong></span> 
     </span>
     <span class='ocr_line' id='line_1_20' title="bbox 112 2259 1191 2342; baseline -0.01 -18"><span class='ocrx_word' id='word_1_159' title='bbox 112 2263 215 2342; x_wconf 87' lang='lat' dir='ltr'><strong>pergit</strong></span> <span class='ocrx_word' id='word_1_160' title='bbox 243 2271 352 2341; x_wconf 73' lang='lat' dir='ltr'><strong>,potest</strong></span> <span class='ocrx_word' id='word_1_161' title='bbox 380 2273 489 2321; x_wconf 83' lang='lat' dir='ltr'><strong>terrem</strong></span> <span class='ocrx_word' id='word_1_162' title='bbox 517 2280 690 2320; x_wconf 84' lang='lat' dir='ltr'><strong>commovere</strong></span> <span class='ocrx_word' id='word_1_163' title='bbox 719 2265 866 2339; x_wconf 79' lang='lat' dir='ltr'><strong>impressio</strong></span> <span class='ocrx_word' id='word_1_164' title='bbox 889 2263 1032 2339; x_wconf 81' lang='lat' dir='ltr'><strong>spiritus:</strong></span> <span class='ocrx_word' id='word_1_165' title='bbox 1056 2259 1191 2337; x_wconf 85' lang='lat' dir='ltr'><strong>sortasse</strong></span> 
     </span>
     <span class='ocr_line' id='line_1_21' title="bbox 111 2361 1190 2444; baseline -0.006 -18"><span class='ocrx_word' id='word_1_166' title='bbox 111 2369 188 2426; x_wconf 83' lang='lat' dir='ltr'><strong>enr&#39;m</strong></span> <span class='ocrx_word' id='word_1_167' title='bbox 203 2369 255 2425; x_wconf 79' lang='lat' dir='ltr'><strong>air</strong></span> <span class='ocrx_word' id='word_1_168' title='bbox 270 2365 329 2424; x_wconf 76' lang='lat' dir='ltr'><strong>cieo</strong></span> <span class='ocrx_word' id='word_1_169' title='bbox 346 2368 473 2425; x_wconf 80' lang='lat' dir='ltr'><strong>intrante</strong></span> <span class='ocrx_word' id='word_1_170' title='bbox 495 2363 593 2444; x_wconf 82' lang='lat' dir='ltr'><strong>[n&#39;e‘re]</strong></span> <span class='ocrx_word' id='word_1_171' title='bbox 616 2365 770 2442; x_wconf 82' lang='lat' dir='ltr'><strong>cgr&#39;tutur&#39;,</strong></span> <span class='ocrx_word' id='word_1_172' title='bbox 790 2366 969 2427; x_wconf 81' lang='lat' dir='ltr'><strong>Archelaum</strong></span> <span class='ocrx_word' id='word_1_173' title='bbox 985 2367 1113 2435; x_wconf 88' lang='lat' dir='ltr'><strong>secutus,</strong></span> <span class='ocrx_word' id='word_1_174' title='bbox 1138 2361 1190 2441; x_wconf 92' lang='lat' dir='ltr'><strong>qui</strong></span> 
     </span>
     <span class='ocr_line' id='line_1_22' title="bbox 112 2466 1190 2547; baseline -0.009 -16"><span class='ocrx_word' id='word_1_175' title='bbox 112 2469 194 2547; x_wconf 85' lang='lat' dir='ltr'><strong>apud</strong></span> <span class='ocrx_word' id='word_1_176' title='bbox 208 2467 350 2529; x_wconf 82' lang='lat' dir='ltr'><strong>Senecam</strong></span> <span class='ocrx_word' id='word_1_177' title='bbox 366 2469 418 2542; x_wconf 89' lang='lat' dir='ltr'><strong>VI,</strong></span> <span class='ocrx_word' id='word_1_178' title='bbox 437 2474 484 2542; x_wconf 83' lang='lat'><strong>12,</strong></span> <span class='ocrx_word' id='word_1_179' title='bbox 503 2475 516 2528; x_wconf 93' lang='lat'>1</span> <span class='ocrx_word' id='word_1_180' title='bbox 544 2469 644 2529; x_wconf 85' lang='lat' dir='ltr'><strong>docet:</strong></span> <span class='ocrx_word' id='word_1_181' title='bbox 667 2471 764 2546; x_wconf 73' lang='lat' dir='ltr'><strong>,Venti</strong></span> <span class='ocrx_word' id='word_1_182' title='bbox 783 2472 812 2526; x_wconf 87' lang='lat' dir='ltr'><strong>in</strong></span> <span class='ocrx_word' id='word_1_183' title='bbox 835 2487 961 2527; x_wconf 80' lang='lat' dir='ltr'><strong>cone-nou</strong></span> <span class='ocrx_word' id='word_1_184' title='bbox 984 2476 1128 2526; x_wconf 86' lang='lat' dir='ltr'><strong>terrorum</strong></span> <span class='ocrx_word' id='word_1_185' title='bbox 1142 2466 1190 2522; x_wconf 89' lang='lat' dir='ltr'><strong>de-</strong></span> 
     </span>
     <span class='ocr_line' id='line_1_23' title="bbox 103 2570 1189 2654; baseline -0.006 -23"><span class='ocrx_word' id='word_1_186' title='bbox 103 2573 266 2654; x_wconf 79' lang='lat' dir='ltr'><strong>seruntur:</strong></span> <span class='ocrx_word' id='word_1_187' title='bbox 290 2572 390 2630; x_wconf 79' lang='lat' dir='ltr'><strong>deinde</strong></span> <span class='ocrx_word' id='word_1_188' title='bbox 412 2570 465 2630; x_wconf 85' lang='lat' dir='ltr'><strong>ubi</strong></span> <span class='ocrx_word' id='word_1_189' title='bbox 483 2575 539 2631; x_wconf 87' lang='lat' dir='ltr'><strong>inm</strong></span> <span class='ocrx_word' id='word_1_190' title='bbox 563 2575 659 2631; x_wconf 91' lang='lat' dir='ltr'><strong>omniu</strong></span> <span class='ocrx_word' id='word_1_191' title='bbox 682 2575 779 2649; x_wconf 63' lang='lat' dir='ltr'><strong>,spatio</strong></span> <span class='ocrx_word' id='word_1_192' title='bbox 799 2573 886 2649; x_wconf 85' lang='lat' dir='ltr'><strong>plenu</strong></span> <span class='ocrx_word' id='word_1_193' title='bbox 909 2580 986 2643; x_wconf 85' lang='lat' dir='ltr'><strong>sunt,</strong></span> <span class='ocrx_word' id='word_1_194' title='bbox 1011 2578 1040 2628; x_wconf 87' lang='lat' dir='ltr'><strong>et</strong></span> <span class='ocrx_word' id='word_1_195' title='bbox 1054 2570 1083 2627; x_wconf 88' lang='lat' dir='ltr'><strong>iu</strong></span> <span class='ocrx_word' id='word_1_196' title='bbox 1099 2586 1189 2645; x_wconf 85' lang='lat' dir='ltr'><strong>quun·</strong></span> 
     </span>
     <span class='ocr_line' id='line_1_24' title="bbox 113 2673 1190 2753; baseline -0.007 -19"><span class='ocrx_word' id='word_1_197' title='bbox 113 2684 175 2734; x_wconf 85' lang='lat' dir='ltr'><strong>tum</strong></span> <span class='ocrx_word' id='word_1_198' title='bbox 189 2682 243 2734; x_wconf 74' lang='lat' dir='ltr'><strong>ue&#39;r</strong></span> <span class='ocrx_word' id='word_1_199' title='bbox 261 2677 367 2752; x_wconf 84' lang='lat' dir='ltr'><strong>potuit,</strong></span> <span class='ocrx_word' id='word_1_200' title='bbox 393 2675 528 2732; x_wconf 80' lang='lat' dir='ltr'><strong>densatus</strong></span> <span class='ocrx_word' id='word_1_201' title='bbox 543 2683 596 2746; x_wconf 86' lang='lat' dir='ltr'><strong>est,</strong></span> <span class='ocrx_word' id='word_1_202' title='bbox 622 2677 647 2733; x_wconf 89' lang='lat' dir='ltr'><strong>is</strong></span> <span class='ocrx_word' id='word_1_203' title='bbox 669 2677 721 2752; x_wconf 83' lang='lat' dir='ltr'><strong>qui</strong></span> <span class='ocrx_word' id='word_1_204' title='bbox 739 2676 903 2753; x_wconf 85' lang='lat' dir='ltr'><strong>superuenit</strong></span> <span class='ocrx_word' id='word_1_205' title='bbox 922 2675 1041 2751; x_wconf 75' lang='lat' dir='ltr'><strong>spiritns</strong></span> <span class='ocrx_word' id='word_1_206' title='bbox 1061 2673 1190 2748; x_wconf 85' lang='lat' dir='ltr'><strong>priorem</strong></span> 
     </span>
     <span class='ocr_line' id='line_1_25' title="bbox 107 2772 1191 2857; baseline -0.008 -20"><span class='ocrx_word' id='word_1_207' title='bbox 107 2779 219 2857; x_wconf 81' lang='lat' dir='ltr'><strong>premit</strong></span> <span class='ocrx_word' id='word_1_208' title='bbox 239 2786 269 2836; x_wconf 91' lang='lat' dir='ltr'><strong>et</strong></span> <span class='ocrx_word' id='word_1_209' title='bbox 289 2777 372 2836; x_wconf 85' lang='lat' dir='ltr'><strong>elidit</strong></span> <span class='ocrx_word' id='word_1_210' title='bbox 391 2796 426 2835; x_wconf 86' lang='lat' dir='ltr'><strong>no</strong></span> <span class='ocrx_word' id='word_1_211' title='bbox 440 2775 645 2857; x_wconf 78' lang='lat' dir='ltr'><strong>frequentibus</strong></span> <span class='ocrx_word' id='word_1_212' title='bbox 664 2778 766 2854; x_wconf 77' lang='lat' dir='ltr'><strong>pingis</strong></span> <span class='ocrx_word' id='word_1_213' title='bbox 783 2778 879 2854; x_wconf 82' lang='lat' dir='ltr'><strong>primo</strong></span> <span class='ocrx_word' id='word_1_214' title='bbox 896 2777 985 2852; x_wconf 82' lang='lat' dir='ltr'><strong>cogit,</strong></span> <span class='ocrx_word' id='word_1_215' title='bbox 1010 2772 1110 2831; x_wconf 73' lang='lat' dir='ltr'><strong>derude</strong></span> <span class='ocrx_word' id='word_1_216' title='bbox 1123 2791 1191 2849; x_wconf 79' lang='lat' dir='ltr'><strong>per·</strong></span> 
     </span>
     <span class='ocr_line' id='line_1_26' title="bbox 112 2876 1191 2956; baseline -0.006 -17"><span class='ocrx_word' id='word_1_217' title='bbox 112 2878 225 2939; x_wconf 80' lang='lat' dir='ltr'><strong>turbet.</strong></span> <span class='ocrx_word' id='word_1_218' title='bbox 272 2880 351 2938; x_wconf 86' lang='lat' dir='ltr'><strong>Tune</strong></span> <span class='ocrx_word' id='word_1_219' title='bbox 373 2880 424 2938; x_wconf 85' lang='lat' dir='ltr'><strong>iile</strong></span> <span class='ocrx_word' id='word_1_220' title='bbox 446 2897 586 2956; x_wconf 84' lang='lat' dir='ltr'><strong>quaerens</strong></span> <span class='ocrx_word' id='word_1_221' title='bbox 615 2880 708 2938; x_wconf 87' lang='lat' dir='ltr'><strong>iocum</strong></span> <span class='ocrx_word' id='word_1_222' title='bbox 730 2898 825 2939; x_wconf 87' lang='lat' dir='ltr'><strong>omnes</strong></span> <span class='ocrx_word' id='word_1_223' title='bbox 846 2880 999 2956; x_wconf 77' lang='lat' dir='ltr'><strong>angustius</strong></span> <span class='ocrx_word' id='word_1_224' title='bbox 1021 2876 1143 2934; x_wconf 82' lang='lat' dir='ltr'><strong>dimovet</strong></span> <span class='ocrx_word' id='word_1_225' title='bbox 1163 2882 1191 2933; x_wconf 88' lang='lat' dir='ltr'><strong>et</strong></span> 
     </span>
     <span class='ocr_line' id='line_1_27' title="bbox 112 2979 1191 3063; baseline -0.007 -20"><span class='ocrx_word' id='word_1_226' title='bbox 112 2983 246 3043; x_wconf 81' lang='lat' dir='ltr'><strong>elaustro</strong></span> <span class='ocrx_word' id='word_1_227' title='bbox 274 3001 327 3042; x_wconf 87' lang='lat' dir='ltr'><strong>sun</strong></span> <span class='ocrx_word' id='word_1_228' title='bbox 357 2991 480 3040; x_wconf 85' lang='lat' dir='ltr'><strong>conetur</strong></span> <span class='ocrx_word' id='word_1_229' title='bbox 501 2981 678 3063; x_wconf 59' lang='lat' dir='ltr'><strong>mffre&#39;ngere:</strong></span> <span class='ocrx_word' id='word_1_230' title='bbox 709 2983 751 3040; x_wconf 91' lang='lat' dir='ltr'><strong>sie</strong></span> <span class='ocrx_word' id='word_1_231' title='bbox 772 2984 880 3053; x_wconf 85' lang='lat' dir='ltr'><strong>euenit,</strong></span> <span class='ocrx_word' id='word_1_232' title='bbox 914 2988 947 3039; x_wconf 87' lang='lat' dir='ltr'><strong>nt</strong></span> <span class='ocrx_word' id='word_1_233' title='bbox 967 2988 1063 3038; x_wconf 86' lang='lat' dir='ltr'><strong>terroe</strong></span> <span class='ocrx_word' id='word_1_234' title='bbox 1084 2979 1191 3056; x_wconf 73' lang='lat' dir='ltr'><strong>spiritu</strong></span> 
     </span>
     <span class='ocr_line' id='line_1_28' title="bbox 113 3079 1190 3163; baseline -0.006 -18"><span class='ocrx_word' id='word_1_235' title='bbox 113 3087 243 3145; x_wconf 84' lang='lat' dir='ltr'><strong>luctante</strong></span> <span class='ocrx_word' id='word_1_236' title='bbox 264 3094 293 3143; x_wconf 87' lang='lat' dir='ltr'><strong>et</strong></span> <span class='ocrx_word' id='word_1_237' title='bbox 304 3082 413 3163; x_wconf 81' lang='lat' dir='ltr'><strong>sugam</strong></span> <span class='ocrx_word' id='word_1_238' title='bbox 435 3093 588 3162; x_wconf 84' lang='lat' dir='ltr'><strong>quaerente</strong></span> <span class='ocrx_word' id='word_1_239' title='bbox 610 3083 799 3144; x_wconf 66' lang='lat' dir='ltr'><strong>moneantur!</strong></span> <span class='ocrx_word' id='word_1_240' title='bbox 842 3084 971 3145; x_wconf 84' lang='lat' dir='ltr'><strong>Tertiam</strong></span> <span class='ocrx_word' id='word_1_241' title='bbox 987 3101 1104 3143; x_wconf 83' lang='lat' dir='ltr'><strong>causam</strong></span> <span class='ocrx_word' id='word_1_242' title='bbox 1119 3079 1190 3157; x_wconf 89' lang='lat' dir='ltr'><strong>Epi-</strong></span> 
     </span>
     <span class='ocr_line' id='line_1_29' title="bbox 112 3183 1190 3268; baseline -0.01 -18"><span class='ocrx_word' id='word_1_243' title='bbox 112 3188 179 3250; x_wconf 90' lang='lat' dir='ltr'><strong>curi</strong></span> <span class='ocrx_word' id='word_1_244' title='bbox 201 3237 209 3266; x_wconf 45' lang='grc' dir='ltr'><strong>ι</strong></span> <span class='ocrx_word' id='word_1_245' title='bbox 211 3186 346 3268; x_wconf 83' lang='lat' dir='ltr'><strong>sortasse</strong></span> <span class='ocrx_word' id='word_1_246' title='bbox 368 3187 467 3264; x_wconf 81' lang='lat' dir='ltr'><strong>nir‘qua</strong></span> <span class='ocrx_word' id='word_1_247' title='bbox 486 3196 574 3265; x_wconf 79' lang='lat' dir='ltr'><strong>purte</strong></span> <span class='ocrx_word' id='word_1_248' title='bbox 595 3188 689 3247; x_wconf 77' lang='lat' dir='ltr'><strong>subito</strong></span> <span class='ocrx_word' id='word_1_249' title='bbox 705 3188 851 3247; x_wconf 85' lang='lat' dir='ltr'><strong>decidente</strong></span> <span class='ocrx_word' id='word_1_250' title='bbox 870 3189 1035 3264; x_wconf 85' lang='lat' dir='ltr'><strong>perentitur</strong></span> <span class='ocrx_word' id='word_1_251' title='bbox 1056 3184 1108 3261; x_wconf 88' lang='lat' dir='ltr'><strong>(sc.</strong></span> <span class='ocrx_word' id='word_1_252' title='bbox 1125 3183 1190 3258; x_wconf 73' lang='lat' dir='ltr'><strong>uir)</strong></span> 
     </span>
     <span class='ocr_line' id='line_1_30' title="bbox 112 3285 1191 3371; baseline -0.008 -20"><span class='ocrx_word' id='word_1_253' title='bbox 112 3301 144 3351; x_wconf 81' lang='lat' dir='ltr'><strong>et</strong></span> <span class='ocrx_word' id='word_1_254' title='bbox 164 3290 229 3349; x_wconf 83' lang='lat' dir='ltr'><strong>inde</strong></span> <span class='ocrx_word' id='word_1_255' title='bbox 251 3298 352 3349; x_wconf 90' lang='lat' dir='ltr'><strong>motum</strong></span> <span class='ocrx_word' id='word_1_256' title='bbox 376 3290 469 3367; x_wconf 83' lang='lat' dir='ltr'><strong>eopit&#39;</strong></span> <span class='ocrx_word' id='word_1_257' title='bbox 499 3290 631 3366; x_wconf 89' lang='lat' dir='ltr'><strong>priorum</strong></span> <span class='ocrx_word' id='word_1_258' title='bbox 655 3292 792 3371; x_wconf 85' lang='lat' dir='ltr'><strong>cuiquem</strong></span> <span class='ocrx_word' id='word_1_259' title='bbox 820 3289 1030 3366; x_wconf 88' lang='lat' dir='ltr'><strong>philosophum</strong></span> <span class='ocrx_word' id='word_1_260' title='bbox 1058 3285 1191 3346; x_wconf 89' lang='lat' dir='ltr'><strong>tribuere</strong></span> 
     </span>
     <span class='ocr_line' id='line_1_31' title="bbox 111 3386 1191 3474; baseline -0.009 -20"><span class='ocrx_word' id='word_1_261' title='bbox 111 3414 242 3474; x_wconf 90' lang='lat' dir='ltr'><strong>nequeo,</strong></span> <span class='ocrx_word' id='word_1_262' title='bbox 264 3392 315 3454; x_wconf 86' lang='lat' dir='ltr'><strong>sed</strong></span> <span class='ocrx_word' id='word_1_263' title='bbox 331 3396 436 3472; x_wconf 85' lang='lat' dir='ltr'><strong>quarta</strong></span> <span class='ocrx_word' id='word_1_264' title='bbox 452 3392 657 3452; x_wconf 82' lang='lat' dir='ltr'><strong>Anaximenea</strong></span> <span class='ocrx_word' id='word_1_265' title='bbox 672 3397 726 3453; x_wconf 86' lang='lat' dir='ltr'><strong>eet.</strong></span> <span class='ocrx_word' id='word_1_266' title='bbox 769 3393 826 3452; x_wconf 86' lang='lat' dir='ltr'><strong>Ille</strong></span> <span class='ocrx_word' id='word_1_267' title='bbox 841 3392 922 3452; x_wconf 91' lang='lat' dir='ltr'><strong>enim</strong></span> <span class='ocrx_word' id='word_1_268' title='bbox 937 3390 1025 3451; x_wconf 89' lang='lat' dir='ltr'><strong>dicit:</strong></span> <span class='ocrx_word' id='word_1_269' title='bbox 1046 3386 1191 3467; x_wconf 65' lang='lat' dir='ltr'><strong>,sortasse</strong></span> 
     </span>
     <span class='ocr_line' id='line_1_32' title="bbox 112 3493 1187 3574; baseline -0.007 -19"><span class='ocrx_word' id='word_1_270' title='bbox 112 3497 213 3574; x_wconf 82' lang='lat' dir='ltr'><strong>ulique</strong></span> <span class='ocrx_word' id='word_1_271' title='bbox 230 3514 304 3574; x_wconf 83' lang='lat' dir='ltr'><strong>pars</strong></span> <span class='ocrx_word' id='word_1_272' title='bbox 327 3505 424 3554; x_wconf 84' lang='lat' dir='ltr'><strong>terrae</strong></span> <span class='ocrx_word' id='word_1_273' title='bbox 444 3497 523 3554; x_wconf 87' lang='lat' dir='ltr'><strong>uelut</strong></span> <span class='ocrx_word' id='word_1_274' title='bbox 543 3498 681 3555; x_wconf 87' lang='lat' dir='ltr'><strong>columnis</strong></span> <span class='ocrx_word' id='word_1_275' title='bbox 696 3494 864 3574; x_wconf 82' lang='lat' dir='ltr'><strong>quibusdam</strong></span> <span class='ocrx_word' id='word_1_276' title='bbox 881 3515 916 3554; x_wconf 87' lang='lat' dir='ltr'><strong>nc</strong></span> <span class='ocrx_word' id='word_1_277' title='bbox 935 3494 1006 3572; x_wconf 79' lang='lat' dir='ltr'><strong>pilis</strong></span> <span class='ocrx_word' id='word_1_278' title='bbox 1020 3493 1187 3562; x_wconf 74' lang='lat' dir='ltr'><strong>sustinetur,</strong></span> 
     </span>
     <span class='ocr_line' id='line_1_33' title="bbox 113 3591 1190 3679; baseline -0.004 -22"><span class='ocrx_word' id='word_1_279' title='bbox 113 3598 217 3679; x_wconf 80' lang='lat' dir='ltr'><strong>quibus</strong></span> <span class='ocrx_word' id='word_1_280' title='bbox 238 3598 348 3656; x_wconf 82' lang='lat' dir='ltr'><strong>uitiutr&#39;s</strong></span> <span class='ocrx_word' id='word_1_281' title='bbox 375 3616 409 3656; x_wconf 89' lang='lat' dir='ltr'><strong>uc</strong></span> <span class='ocrx_word' id='word_1_282' title='bbox 431 3596 627 3656; x_wconf 84' lang='lat' dir='ltr'><strong>recedentibus</strong></span> <span class='ocrx_word' id='word_1_283' title='bbox 656 3602 752 3656; x_wconf 87' lang='lat' dir='ltr'><strong>tremit</strong></span> <span class='ocrx_word' id='word_1_284' title='bbox 775 3599 888 3675; x_wconf 83' lang='lat' dir='ltr'><strong>pondus</strong></span> <span class='ocrx_word' id='word_1_285' title='bbox 917 3591 1100 3675; x_wconf 63' lang='lat' dir='ltr'><strong>impositum)</strong></span> <span class='ocrx_word' id='word_1_286' title='bbox 1144 3595 1190 3653; x_wconf 89' lang='lat' dir='ltr'><strong>De</strong></span> 
     </span>
     <span class='ocr_line' id='line_1_34' title="bbox 114 3699 1190 3778; baseline -0.007 -17"><span class='ocrx_word' id='word_1_287' title='bbox 114 3699 302 3761; x_wconf 83' lang='lat' dir='ltr'><strong>Anaximene</strong></span> <span class='ocrx_word' id='word_1_288' title='bbox 318 3699 441 3760; x_wconf 86' lang='lat' dir='ltr'><strong>tradidit</strong></span> <span class='ocrx_word' id='word_1_289' title='bbox 457 3700 570 3760; x_wconf 81' lang='lat' dir='ltr'><strong>Seneca</strong></span> <span class='ocrx_word' id='word_1_290' title='bbox 584 3700 636 3774; x_wconf 88' lang='lat' dir='ltr'><strong>v1,</strong></span> <span class='ocrx_word' id='word_1_291' title='bbox 655 3705 703 3773; x_wconf 92' lang='lat'><strong>10,</strong></span> <span class='ocrx_word' id='word_1_292' title='bbox 720 3706 754 3759; x_wconf 82' lang='lat'><strong>2:</strong></span> <span class='ocrx_word' id='word_1_293' title='bbox 776 3702 909 3778; x_wconf 63' lang='lat' dir='ltr'><strong>,primum</strong></span> <span class='ocrx_word' id='word_1_294' title='bbox 933 3701 1027 3757; x_wconf 88' lang='lat' dir='ltr'><strong>omnin</strong></span> <span class='ocrx_word' id='word_1_295' title='bbox 1050 3704 1190 3755; x_wconf 74' lang='lat' dir='ltr'><strong>uetustate</strong></span> 
     </span>
     <span class='ocr_line' id='line_1_35' title="bbox 114 3800 1190 3879; baseline -0.006 -17"><span class='ocrx_word' id='word_1_296' title='bbox 114 3803 260 3874; x_wconf 80' lang='lat' dir='ltr'><strong>luduntur,</strong></span> <span class='ocrx_word' id='word_1_297' title='bbox 285 3822 337 3860; x_wconf 89' lang='lat' dir='ltr'><strong>nee</strong></span> <span class='ocrx_word' id='word_1_298' title='bbox 359 3804 508 3879; x_wconf 82' lang='lat' dir='ltr'><strong>quicquum</strong></span> <span class='ocrx_word' id='word_1_299' title='bbox 532 3811 621 3860; x_wconf 83' lang='lat' dir='ltr'><strong>tutum</strong></span> <span class='ocrx_word' id='word_1_300' title='bbox 644 3822 661 3860; x_wconf 90' lang='lat' dir='ltr'><strong>u</strong></span> <span class='ocrx_word' id='word_1_301' title='bbox 679 3811 822 3862; x_wconf 88' lang='lat' dir='ltr'><strong>senectute</strong></span> <span class='ocrx_word' id='word_1_302' title='bbox 843 3811 895 3861; x_wconf 88' lang='lat' dir='ltr'><strong>est.</strong></span> <span class='ocrx_word' id='word_1_303' title='bbox 928 3802 999 3859; x_wconf 84' lang='lat' dir='ltr'><strong>ineo</strong></span> <span class='ocrx_word' id='word_1_304' title='bbox 1014 3800 1106 3858; x_wconf 83' lang='lat' dir='ltr'><strong>solida</strong></span> <span class='ocrx_word' id='word_1_305' title='bbox 1122 3818 1190 3876; x_wconf 82' lang='lat' dir='ltr'><strong>quo-</strong></span> 
     </span>
     <span class='ocr_line' id='line_1_36' title="bbox 113 3902 1191 3983; baseline -0.001 -23"><span class='ocrx_word' id='word_1_306' title='bbox 113 3924 168 3983; x_wconf 80' lang='lat' dir='ltr'><strong>que</strong></span> <span class='ocrx_word' id='word_1_307' title='bbox 189 3913 219 3962; x_wconf 88' lang='lat' dir='ltr'><strong>et</strong></span> <span class='ocrx_word' id='word_1_308' title='bbox 239 3905 338 3981; x_wconf 74' lang='lat' dir='ltr'><strong>rnugni</strong></span> <span class='ocrx_word' id='word_1_309' title='bbox 356 3902 472 3962; x_wconf 86' lang='lat' dir='ltr'><strong>roboris</strong></span> <span class='ocrx_word' id='word_1_310' title='bbox 494 3906 600 3980; x_wconf 68' lang='lat' dir='ltr'><strong>carnit.</strong></span> <span class='ocrx_word' id='word_1_311' title='bbox 630 3907 726 3982; x_wconf 83' lang='lat' dir='ltr'><strong>itnque</strong></span> <span class='ocrx_word' id='word_1_312' title='bbox 747 3905 974 3983; x_wconf 84' lang='lat' dir='ltr'><strong>quemadmodum</strong></span> <span class='ocrx_word' id='word_1_313' title='bbox 998 3907 1027 3962; x_wconf 90' lang='lat' dir='ltr'><strong>in</strong></span> <span class='ocrx_word' id='word_1_314' title='bbox 1050 3904 1118 3960; x_wconf 85' lang='lat' dir='ltr'><strong>cedi</strong></span> <span class='ocrx_word' id='word_1_315' title='bbox 1139 3903 1191 3960; x_wconf 88' lang='lat' dir='ltr'><strong>eiis</strong></span> 
     </span>
     <span class='ocr_line' id='line_1_37' title="bbox 113 4004 1190 4084; baseline -0.001 -20"><span class='ocrx_word' id='word_1_316' title='bbox 113 4004 256 4066; x_wconf 83' lang='lat' dir='ltr'><strong>veteribus</strong></span> <span class='ocrx_word' id='word_1_317' title='bbox 278 4007 414 4084; x_wconf 83' lang='lat' dir='ltr'><strong>quaedem</strong></span> <span class='ocrx_word' id='word_1_318' title='bbox 437 4025 492 4065; x_wconf 88' lang='lat' dir='ltr'><strong>non</strong></span> <span class='ocrx_word' id='word_1_319' title='bbox 513 4025 654 4082; x_wconf 85' lang='lat' dir='ltr'><strong>percussu</strong></span> <span class='ocrx_word' id='word_1_320' title='bbox 672 4015 764 4066; x_wconf 85' lang='lat' dir='ltr'><strong>tumen</strong></span> <span class='ocrx_word' id='word_1_321' title='bbox 780 4006 922 4079; x_wconf 72' lang='lat' dir='ltr'><strong>decutiunt,</strong></span> <span class='ocrx_word' id='word_1_322' title='bbox 948 4025 1011 4065; x_wconf 89' lang='lat' dir='ltr'><strong>eum</strong></span> <span class='ocrx_word' id='word_1_323' title='bbox 1030 4007 1099 4084; x_wconf 85' lang='lat' dir='ltr'><strong>plus</strong></span> <span class='ocrx_word' id='word_1_324' title='bbox 1116 4023 1190 4081; x_wconf 85' lang='lat' dir='ltr'><strong>pon·</strong></span> 
     </span>
     <span class='ocr_line' id='line_1_38' title="bbox 113 4107 1191 4187; baseline -0.005 -19"><span class='ocrx_word' id='word_1_325' title='bbox 113 4109 191 4168; x_wconf 72' lang='lat' dir='ltr'><strong>deris</strong></span> <span class='ocrx_word' id='word_1_326' title='bbox 212 4107 337 4168; x_wconf 81' lang='lat' dir='ltr'><strong>inbuere</strong></span> <span class='ocrx_word' id='word_1_327' title='bbox 358 4127 442 4187; x_wconf 87' lang='lat' dir='ltr'><strong>quum</strong></span> <span class='ocrx_word' id='word_1_328' title='bbox 464 4111 580 4180; x_wconf 87' lang='lat' dir='ltr'><strong>uirium,</strong></span> <span class='ocrx_word' id='word_1_329' title='bbox 606 4110 648 4167; x_wconf 85' lang='lat' dir='ltr'><strong>itu</strong></span> <span class='ocrx_word' id='word_1_330' title='bbox 671 4111 701 4168; x_wconf 90' lang='lat' dir='ltr'><strong>in</strong></span> <span class='ocrx_word' id='word_1_331' title='bbox 724 4110 777 4167; x_wconf 80' lang='lat' dir='ltr'><strong>doc</strong></span> <span class='ocrx_word' id='word_1_332' title='bbox 798 4111 930 4168; x_wconf 87' lang='lat' dir='ltr'><strong>universo</strong></span> <span class='ocrx_word' id='word_1_333' title='bbox 953 4117 1049 4167; x_wconf 84' lang='lat' dir='ltr'><strong>terrae</strong></span> <span class='ocrx_word' id='word_1_334' title='bbox 1071 4125 1191 4184; x_wconf 86' lang='lat' dir='ltr'><strong>corpore</strong></span> 
     </span>
    </p>
   </div>
   <div class='ocr_carea' id='block_1_5' title="bbox 0 0 1313 4582">
    <p class='ocr_par' dir='ltr' id='par_1_6' title="bbox 0 0 1313 4582">
     <span class='ocr_line' id='line_1_39' title="bbox 0 0 1313 4582; baseline 0 0"><span class='ocrx_word' id='word_1_335' title='bbox 0 0 1313 4582; x_wconf 95' lang='lat' dir='ltr'><strong> </strong></span> 
     </span>
    </p>
   </div>
  </div>
 </body>
</html>
