2616 4582
542 266 756 334 ..24-

197 428 302 488 Totam
326 426 556 502 explicationem
579 425 728 485 Posidonii
753 445 832 497 esse,
861 425 928 484 ideo
951 425 1024 484 mihi
1048 426 1195 502 persuasi,

112 539 142 590 et
165 532 243 608 quod
266 532 384 606 saepius
406 530 438 587 in
460 530 549 588 huius
571 529 640 587 libri
664 529 761 605 capite
783 528 816 585 II
843 529 869 587 is
899 535 1002 588 auctor
1023 528 1088 585 fere
1112 527 1196 587 solus

112 638 422 692 commemoratur-
445 652 513 690 nem
542 636 662 707 practer
688 630 770 689 illius
800 650 908 688 nomen
931 631 1143 690 Artemidorus
1166 635 1196 691 ct

111 735 198 794 Plato
222 740 253 793 et
274 735 488 794 Eratosthenes
515 735 602 792 modo
632 730 723 792 semel
753 733 960 812 unusquisque
989 732 1196 805 nominantur,

114 856 240 915 quorum
256 836 345 911 primi
360 838 452 896 verba
467 856 495 911 p.
506 836 566 893 760
584 855 649 895 cum
666 835 796 893 eiusdem
813 834 955 908 doctrina,
980 853 1067 912 quam
1083 834 1195 894 Strabo

112 958 140 1013 p.
158 939 218 996 670
242 938 350 1010 attulit,
374 958 433 996 non
458 937 649 996 consentiunt
671 971 714 980 -
736 943 767 996 et
787 937 866 1016 quod
883 936 1079 1012 Apameensis
1100 937 1196 996 huius

111 1040 155 1098 rei
174 1040 365 1114 gravissimus
380 1040 465 1099 testis
487 1040 561 1098 fuit:
584 1041 635 1098 sed
658 1040 747 1099 etiam
770 1039 880 1098 certius
903 1039 946 1111 fit,
970 1039 994 1098 si
1017 1037 1101 1096 illam
1125 1059 1195 1098 curn

113 1141 203 1200 Plinii
226 1142 326 1202 verbis
343 1144 379 1200 N.
397 1143 436 1201 H.
453 1142 494 1216 II,
512 1142 590 1201 227:
623 1144 697 1200 Nom
721 1142 812 1198 dulcis
834 1141 954 1198 deustos
977 1143 1005 1198 in
1029 1143 1109 1198 muri
1128 1143 1165 1218 pl
1184 1174 1195 1185 ·

111 1246 194 1302 rimis
213 1245 286 1302 loces
308 1255 340 1301 ct
355 1246 394 1301 od
412 1245 594 1303 Cdelrilom'os
617 1245 728 1302 rosulas
750 1251 779 1301 et
795 1244 928 1302 Aradum
949 1253 978 1301 et
999 1245 1028 1301 in
1046 1244 1195 1301 Gaditano

114 1365 218 1404 caecae
249 1366 459 1423 comparamus.
505 1347 640 1404 Eundem
670 1345 761 1404 Aradi
789 1345 902 1404 fontem
936 1345 1052 1404 Plinius
1080 1346 1195 1404 iterum

113 1449 255 1508 describit
276 1450 313 1507 N.
330 1448 369 1507 H.
395 1450 436 1520 V,
460 1453 527 1522 128,
549 1449 601 1507 ubi
624 1448 780 1507 Mucianus
803 1466 892 1526 quem
913 1447 1049 1526 sequitur
1071 1467 1110 1507 ex
1134 1449 1195 1507 Po-

114 1551 229 1610 sidonio
251 1552 386 1610 hausisse
409 1551 534 1612 videtur.

199 1654 275 1711 Nam
298 1655 448 1729 paradoxa
463 1653 505 1725 II,
523 1653 582 1710 227
608 1672 646 1711 ex
668 1653 724 1711 hoc
747 1659 949 1713 manaverunt.
995 1652 1196 1714 Conferentes

113 1754 192 1812 enim
216 1775 279 1814 cum
304 1755 480 1832 capite103
504 1755 634 1813 Pliniani
656 1754 727 1812 libri
749 1753 879 1812 Senecae
901 1756 1006 1827 verba,
1038 1773 1115 1833 quae
1139 1775 1195 1814 ex-

112 1862 193 1916 stant
214 1858 246 1915 in
268 1856 345 1916 libro
368 1858 416 1915 Ill
444 1863 557 1918 tantam
589 1857 814 1915 similitudinem
843 1857 1045 1929 inveniemus,
1078 1864 1195 1935 quanta

112 1965 145 2018 ut
167 1959 314 2018 officiatur
335 1961 422 2019 modo
445 1960 509 2018 fieri
533 1965 646 2034 potest,
679 1959 704 2018 si
725 1964 852 2038 uterque
883 1959 1009 2017 eundem
1038 1967 1194 2019 auctorem

112 2066 229 2121 secutus
252 2069 305 2120 est.
337 2062 405 2120 Non
424 2082 500 2137 nego
519 2062 657 2141 squidem
674 2061 816 2120 Senecam
835 2061 953 2138 saepius
969 2061 1110 2123 Ovidium
1127 2063 1194 2121 lau-

113 2165 196 2222 dasse
219 2163 250 2220 in
272 2165 361 2222 rebus
384 2184 460 2243 quae
482 2184 548 2223 oum
571 2164 670 2222 Plinio
694 2165 885 2224 consentiunt
905 2165 938 2220 in
955 2182 1018 2239 cap.
1032 2169 1072 2221 20
1089 2169 1120 2224 et
1139 2169 1192 2238 26,

112 2272 142 2324 et
163 2266 195 2323 in
218 2284 281 2341 cop.
301 2270 339 2323 25
365 2267 401 2324 de
418 2266 516 2326 insula
533 2268 568 2326 ad
589 2266 712 2326 Cutilias
735 2271 856 2325 natante
871 2266 937 2340 ipse
954 2267 1039 2325 testis
1055 2267 1194 2326 oculatus

114 2374 166 2426 est.
210 2369 369 2428 Praeterea
386 2368 511 2430 Ovidius
533 2369 565 2426 in
583 2374 651 2427 met.
669 2369 737 2440 XV,
757 2370 818 2426 273
833 2369 899 2447 sqq.
918 2370 954 2426 de
973 2368 1054 2446 Lyco
1071 2376 1103 2428 et
1118 2371 1195 2428 Era-

114 2472 179 2529 sino
208 2471 287 2530 idem
317 2476 418 2530 namet
448 2472 526 2550 quod
549 2470 665 2529 Plinius
690 2470 735 2543 lI,
755 2474 831 2542 225,
865 2472 901 2528 de
924 2471 1079 2530 Ammonis
1107 2472 1195 2531 fonte

113 2579 240 2655 15309
258 2594 301 2653 sq.
332 2575 410 2631 idem
441 2575 521 2652 quod
551 2572 667 2632 Plinius
699 2572 814 2650 5228,
849 2573 884 2630 dc
917 2573 1079 2649 Lyncestio
1110 2575 1196 2632 amni

112 2696 161 2736 vv.
179 2681 238 2733 329
251 2695 316 2754 sqq.
341 2675 420 2734 idem
443 2677 522 2755 quod
544 2676 594 2734 hic
623 2677 656 2732 in
679 2673 694 2752 ξ
714 2680 791 2746 230;
827 2676 877 2733 sed
901 2675 1022 2733 dubium
1052 2695 1115 2733 non
1136 2685 1194 2750 est,

114 2777 187 2857 quin
209 2778 266 2837 hoo
288 2779 353 2837 loco
376 2797 474 2857 neque
496 2779 608 2838 Seneca
629 2797 727 2858 neque
750 2776 866 2836 Plinius
885 2776 984 2836 Ovidii
1007 2776 1117 2836 librum
1140 2781 1195 2837 ad-

113 2880 266 2940 hibuerint
288 2879 368 2956 (nam
390 2881 439 2940 hic
455 2883 491 2940 do
507 2883 708 2941 Athamanum
731 2878 820 2954 ge‘nte
843 2879 920 2937 nihil
941 2879 1030 2940 scivit
1052 2884 1082 2939 ct
1103 2881 1194 2939 fabu-

112 2982 171 3038 lam
201 2984 237 3040 dc
265 2981 405 3041 Ciconum
434 2984 557 3042 flumine
586 2983 674 3041 aliam
703 2982 858 3060 reddidit),
890 2999 988 3060 neque
1017 3000 1057 3040 cx
1086 2984 1195 3042 eodem

112 3083 211 3156 fonte,
235 3104 293 3162 quo
316 3083 444 3162 ille20),
467 3086 636 3159 hauserint,
660 3086 731 3164 quia
752 3084 797 3142 illi
820 3083 914 3143 multa
934 3085 1093 3159 praebent,
1117 3105 1195 3164 quo·
1250 3116 1255 3123 ·

185 3269 226 3334 20)
240 3271 301 3330 Quis
310 3269 393 3318 Ovidii
402 3273 583 3331 paradoxorum
590 3273 617 3319 in
626 3276 684 3320 mat.
694 3271 750 3329 XV,
762 3273 792 3319 27
796 3271 897 3318 3-417
908 3270 982 3317 luent
990 3274 1082 3330 auctor,
1093 3271 1192 3331 ignoro.

113 3356 247 3416 Postquam
267 3357 296 3404 de
315 3362 419 3416 quatuor
437 3359 564 3405 clementis
585 3359 681 3406 locutus
700 3361 738 3405 ost
755 3360 779 3403 at
795 3356 878 3404 docuit
895 3370 925 3404 aa
942 3370 1040 3416 semper
1058 3357 1148 3403 mutari
1167 3363 1195 3405 at

114 3443 186 3488 modo
205 3456 324 3489 summam
342 3457 424 3491 rerum
443 3447 563 3501 constare,
583 3442 696 3502 quamvis
713 3442 824 3501 singulae
849 3456 889 3489 res
907 3442 1017 3502 perirent
1041 3447 1117 3500 atque
1141 3445 1193 3490 ori-

112 3531 211 3587 rentur,
237 3528 332 3588 Lycum
349 3533 524 3576 commemorat
541 3533 566 3576 et
582 3527 715 3576 Erasinum
733 3527 786 3592 (vv.
800 3525 929 3590 272-76)
947 3525 1063 3587 Caicum,
1082 3528 1193 3576 Amana·

114 3627 173 3659 num
190 3616 345 3675 (aaa-80),
370 3615 500 3675 Anigrum,
519 3613 646 3675 Hypanim
663 3612 794 3677 (281—6).
829 3613 893 3659 Tum
910 3626 973 3672 quae
998 3616 1072 3660 antea
1093 3613 1193 3663 insulas

113 3702 203 3757 essent,
217 3700 350 3757 Antissam,
363 3698 480 3757 Pharum,
493 3699 587 3760 Tyrum
599 3696 731 3763 (286-8),
750 3712 880 3757 quaecum
893 3698 1032 3745 continente
1044 3699 1193 3748 coniunctae

114 3789 212 3842 essent,
231 3784 354 3841 Leucada,
372 3784 464 3830 Zancle
483 3785 625 3844 (aaa—92)
642 3788 768 3830 memorat.
804 3785 834 3831 In
851 3798 894 3832 vv.
909 3783 1044 3831 292-308
1062 3784 1093 3832 de
1111 3789 1195 3835 terrae

112 3869 218 3916 motibus
242 3869 345 3916 eandam
362 3882 461 3916 causam
486 3874 584 3928 narrat,
610 3883 683 3928 quam
701 3869 830 3916 Lucretius
848 3883 891 3917 vv.
906 3870 1023 3917 otc—eo
1051 3874 1076 3916 et
1094 3869 1193 3920 Seneca

112 3954 155 4012 VI,
171 3957 201 4002 25
220 3955 312 4014 dicunt,
331 3957 355 3999 ct
372 3954 461 4001 transit
478 3968 521 4001 vv.
535 3957 653 4004 808-12
672 3955 704 4001 ad
721 3955 814 4001 iontem
828 3954 974 4003 Hammonis
992 3958 1016 4002 ct
1033 3956 1099 4014 apud
1111 3957 1191 4003 Atha·

111 4053 196 4086 inanes
213 4041 292 4086 situm.
330 4039 427 4087 Deinde
445 4053 522 4098 aquas
540 4039 687 4102 ,medicatas'
706 4041 795 4100 affert,
813 4041 904 4087 flumen
923 4038 1056 4098 Ciconum,
1076 4039 1191 4090 Crathim

112 4131 136 4172 ct
154 4124 269 4185 Sybarin,
287 4123 407 4173 Salmacis
424 4125 510 4186 undas,
528 4125 663 4186 Aethiopes
680 4127 757 4186 lacus,
777 4126 910 4174 Clitorium
928 4126 1030 4184 fontcm,
1050 4125 1190 4186 Lynoeium
