2616 4582
506 275 751 340 v-4-

118 431 202 487 -24
225 427 358 489 Thaletis
381 430 559 490 sententiam
587 432 665 508 apud
686 431 858 491 Lucretium
881 431 1026 491 contineri
1048 432 1196 506 doxogra-

117 530 195 606 phus
215 530 269 605 IV,
289 535 314 605 1,
333 536 346 589 1
374 531 504 591 ostendit
526 532 569 610 (et
583 533 732 592 Diodorus
746 535 771 607 I,
789 539 837 607 38,
856 538 904 608 85,
927 538 958 594 et
972 532 1085 592 Seneca
1102 534 1138 590 N.
1157 532 1194 596 Q.

116 633 170 704 IV,
187 637 214 707 2,
231 632 294 710 22),
316 654 366 695 vv,
384 633 735 693 tao-asaallisthenis
751 635 923 696 Athenaeus
937 638 979 709 ΙΙ,
997 635 1046 709 87,
1068 656 1117 696 vv.
1131 637 1192 694 735

115 735 199 793 -37
222 738 421 812 Anaxagorae
439 736 489 797 vel
504 735 656 811 Euripidis
672 738 882 814 doxographus
904 739 958 812 IV,
979 742 1003 813 l,
1021 743 1038 795 3
1063 738 1106 817 (et
1120 738 1194 797 Dio-

116 838 205 896 dorus
227 836 246 895 l.
262 836 282 896 l.
305 842 336 897 et
357 838 470 897 Seneca
490 838 544 912 IV,
562 842 590 910 2,
611 838 646 896 17
670 843 705 923 et:
722 840 894 899 Athenaeus
916 842 957 912 ΙΙ,
976 838 1037 917 87).

211 940 284 998 Cum
314 945 421 1016 poetae
450 939 577 999 Romani
609 941 779 1001 auctoribus
810 943 963 1019 composui
993 942 1193 1019 Pomponium

115 1041 232 1115 Melam,
257 1043 308 1122 qui
330 1041 409 1101 idem
428 1061 544 1102 causam
562 1043 738 1103 incrementi
754 1046 878 1121 praebet
895 1046 980 1118 hanc,
1004 1045 1083 1124 quod
1099 1063 1192 1103 arena

115 1144 204 1204 undis
227 1148 296 1204 ante
317 1143 451 1203 fluminis
474 1144 582 1204 ostium
605 1146 814 1219 accumulatur,
838 1165 927 1226 quam
943 1165 1090 1226 nusquam
1106 1147 1194 1206 aliter

114 1244 227 1306 inveni.
272 1245 362 1305 Cuius
378 1247 530 1306 doctrinae
546 1247 612 1326 quis
634 1252 736 1307 auctor
757 1250 857 1321 fuerit,
880 1249 989 1307 nescio.
1033 1248 1133 1307 Facile
1148 1253 1193 1308 ta-

115 1366 184 1406 men
207 1349 352 1421 adducor,
383 1354 418 1408 ut
440 1350 556 1408 credam
578 1360 746 1423 auctorum,
778 1369 852 1428 quos
873 1349 1022 1409 Dialasius
1043 1350 1075 1407 in
1099 1351 1192 1409 doxo-

114 1451 295 1526 graphorum
328 1449 414 1528 proll
445 1471 473 1527 p.
491 1456 551 1509 229
587 1451 717 1511 Senecae
751 1452 820 1511 libri
843 1453 890 1512 IV
917 1452 995 1511 fonti
1028 1451 1191 1511 Posidonio

114 1553 208 1613 stoico
237 1552 406 1627 substituit,
438 1553 567 1632 aliquem
594 1553 673 1613 idem
696 1553 838 1613 docuisse.
881 1554 957 1613 Nam
979 1554 1136 1613 Lucretius
1159 1554 1192 1612 in

113 1675 163 1716 vv.
181 1656 241 1714 721
254 1677 337 1736 sqq:

242 1760 293 1818 ille
314 1778 352 1817 ex
374 1757 514 1837 aestifera
533 1762 621 1834 parti
640 1761 717 1816 venit
738 1761 831 1817 omnis
854 1759 890 1818 ab
913 1767 1025 1829 austro,

241 1865 317 1920 iuter
339 1864 426 1938 nr'gra
448 1862 540 1918 orbam
560 1870 697 1936 percocto
718 1863 817 1920 saeclo
840 1863 937 1920 colore

241 1965 376 2022 excorians
393 1964 510 2041 penitus
532 1962 624 2020 media
646 1961 681 2021 ab
703 1966 822 2039 regiam
843 1965 902 2021 daci

113 2066 199 2125 docet
220 2065 323 2125 Nilum
345 2065 456 2125 exoriri
478 2065 510 2123 in
534 2083 569 2123 ea
590 2065 722 2140 regione,
744 2085 821 2144 quae
843 2085 861 2124 a
883 2065 1003 2125 Graecis
1025 2061 1190 2151 ‘domnoto-

113 2159 196 2243 μὲυη’
221 2174 354 2229 vocatur,
398 2168 572 2228 Habitatam
603 2186 667 2226 eam
698 2187 758 2227 non
780 2186 845 2227 esse
866 2167 1045 2228 Aristoteles
1068 2170 1190 2226 conteu-

113 2271 198 2331 derat
217 2270 251 2329 in
273 2270 425 2330 meteorol.
440 2270 490 2345 11,
509 2274 525 2328 5
550 2290 580 2346 p.
598 2274 687 2328 363α
713 2273 749 2328 13
763 2290 844 2351 sqq:
877 2266 988 2338 ἐκεῖνος
1011 2260 1036 2326 d'
1058 2260 1076 2327 ὁ
1097 2263 1191 2338 τόπος

113 2373 166 2449 (so.
190 2363 208 2432 o‘
232 2369 478 2450 διακεκαυμένος)
509 2365 559 2431 διαὶ
588 2364 644 2447 τήν
672 2373 726 2430 τοῦ
755 2363 841 2448 ἡλίου
869 2370 1026 2450 γειτνίασιν
1054 2365 1112 2430 οὐκ
1134 2368 1191 2448 ἔχει

115 2469 212 2534 ὕδατα
233 2471 284 2534 καὶ
307 2467 409 2552 νομὰς,
433 2473 466 2533 αἳ
488 2467 538 2534 dmi
562 2465 617 2550 τὴν
639 2473 728 2550 πῆξιν
750 2468 927 2551 ποιήσουσιν
950 2471 1077 2550 ἐτησίας,
1101 2493 1189 2553 quam

116 2580 154 2638 ob
177 2596 294 2644 causam
316 2577 494 2637 Posidonius
522 2596 589 2635 eum
612 2580 643 2636 et
664 2577 871 2637 Parmenidem
900 2578 932 2636 in
954 2577 990 2635 fr.
1008 2581 1047 2633 68
1070 2576 1189 2652 vitupe-

115 2680 207 2741 ravit:
236 2679 389 2756 regionem
412 2678 491 2738 enim
513 2698 531 2737 a
553 2677 685 2757 physicis
707 2679 858 2740 nobilibus
880 2668 1114 2765 ‘dransaooatvq'
1136 2697 1188 2736 no·

116 2783 257 2842 minatam
284 2781 428 2855 habitari,
460 2781 530 2859 quia
551 2786 717 2858 temperata
739 2787 825 2842 esset.
868 2780 1015 2860 Equidem
1035 2779 1068 2838 in
1090 2779 1191 2840 verbis

115 2885 249 2945 Lucretii
277 2886 372 2962 ⁶nz'gra
403 2885 492 2941 αι’νυιιι
517 2892 656 2958 percocto
685 2885 780 2942 saecla
807 2883 911 2942 colore'
938 2881 1098 2957 vestigium
1125 2900 1190 2942 esse

116 2987 262 3048 contendo
286 2985 436 3046 doctrinae
465 2990 496 3045 et
518 2984 707 3064 eloquentiae
728 2985 883 3045 Posidonii
912 2985 990 3062 apud
1013 2984 1188 3043 Strabonem

114 3091 156 3163 H,
174 3094 202 3163 3,
221 3087 252 3165 7)
275 3087 323 3166 (fr.
341 3092 389 3161 68,
407 3087 438 3163 7)
461 3079 684 3166 εὖερνεστὲρους
707 3079 761 3166 γάρ
779 3077 853 3144 εἶναι
875 3082 927 3144 καὶ
950 3072 1038 3162 ἦπου
1057 3080 1187 3159 ἕψεσθαι

114 3193 151 3275 τῇ
173 3188 297 3272 ξηρασίςι
319 3189 373 3248 τοῦ
395 3184 593 3269 περιέχοντος,
616 3209 655 3248 ex
678 3209 737 3270 qua
758 3189 871 3249 Seneca
893 3208 1012 3269 quoque
1034 3187 1135 3247 hausit
1151 3188 1187 3246 N.

116 3293 151 3358 Q.
169 3293 223 3366 IV,
240 3297 268 3365 2,
286 3297 343 3352 3οι
365 3293 538 3371 ‘Aegyptum
557 3292 605 3349 col
624 3294 719 3369 tnagis
737 3289 906 3368 percoqait’.
953 3293 1001 3350 Ad
1016 3309 1105 3369 quam
1122 3309 1188 3349 sen·

116 3395 240 3457 tentiam
256 3413 385 3469 moveor,
409 3393 479 3474 quia
495 3393 529 3452 in
543 3415 572 3457 v.
589 3399 668 3454 1109
687 3395 817 3454 eiusdem
832 3392 901 3452 libri
916 3391 1073 3452 Lueretius
1088 3393 1190 3451 eadem

114 3500 207 3559 verba
234 3497 372 3557 adhibuit
398 3496 442 3556 ita
470 3501 504 3556 ut
524 3495 704 3556 Posidonius
726 3495 949 3554 συνευθουσιοῖυ
971 3496 1036 3563 ταῖς
1057 3485 1188 3571 ὑπερβο-

113 3602 178 3670 λαῖς
204 3599 322 3678 (Strabo
345 3620 373 3677 p.
393 3597 450 3658 147
473 3598 509 3658 fr.
527 3603 566 3657 48
590 3598 704 3676 Mula),
735 3604 766 3659 et
786 3598 887 3676 paullo
910 3602 978 3658 ante
1005 3597 1037 3656 in
1059 3617 1087 3657 v.
1106 3597 1209 3656 1107·

115 3702 238 3763 cecinit:
269 3711 307 3781 ‘et
328 3703 404 3779 qaod
424 3704 455 3760 in
477 3703 613 3778 Aegypto
635 3710 696 3773 est,
731 3719 786 3778 qua
809 3702 908 3759 mrtndr‘
927 3701 1071 3758 claudicat
1097 3698 1185 3757 anrb’.

113 3805 181 3864 Ηοο
201 3803 267 3864 loco
289 3803 368 3862 idem
399 3804 492 3875 docet,
524 3803 603 3882 quod
626 3802 798 3862 cleomedes
819 3804 856 3862 de
878 3802 995 3862 sublim.
1011 3803 1037 3875 Ι,
1054 3807 1094 3860 42
1122 3801 1188 3861 sine

114 3907 205 3966 dubio
229 3925 267 3964 ex
289 3904 450 3964 Posidonio
479 3903 622 3980 sumpsit:
652 3896 725 3961 αἰλλᾶ
754 3895 834 3982 παραὶ
865 3897 917 3980 μὲν
946 3901 1109 3979 Συηνίταις
1136 3899 1187 3962 καὶ

113 4004 268 4083 Αἰθίοψιν
290 3999 441 4084 ἐλάχιστον
463 4002 600 4080 φαίνεται
622 3998 655 4065 ια’
678 4006 732 4064 τοῦ
754 3997 850 4064 πόλου
871 3998 969 4080 ὕψος,
997 4001 1133 4086 μέγιστον
1156 4000 1188 4064 δὲ

113 4107 146 4173 ἐν
169 4111 362 4191 Βρεττανοῖς,
395 4105 427 4169 ἐν
448 4102 481 4168 dl
502 4110 565 4179 τοῖς
591 4099 643 4168 dcci
671 4104 763 4186 μέσου
789 4105 926 4186 ιιλίμασιυ
953 4101 1107 4188 ἀναλόγως
1136 4108 1185 4189 (ef.
