2616 4582
605 283 796 349 ..2-

251 433 398 501 studeri
420 460 457 499 τε
481 436 542 499 καὶ
566 433 721 499 κόκυσα
745 432 818 497 lduiv
839 429 1038 514 ἆσυνήθεα
1059 436 1157 516 χοῖρον

252 540 330 602 ἔνθα
355 536 456 613 Φόνος
477 563 507 602 τε
531 537 629 613 Κότυς
650 562 680 601 τε
703 538 754 600 καὶ
777 532 984 599 dilucidum
1007 540 1120 619 Κηρῶν

248 641 389 724 αἱχμηραὶ
411 665 441 704 τε
464 639 549 706 νόσοι
571 641 621 703 καὶ
644 636 753 719 σήψιες
774 640 846 722 ἔργα
867 661 898 701 τε
920 635 1037 719 deverel.

164 749 334 808 Eorundem
361 767 500 809 versuum
530 748 620 806 etiam
642 746 800 807 Lucretius
829 744 971 817 meminit,
1002 764 1068 804 oum
1098 745 1247 806 scriberet

163 871 213 912 vv.
232 854 292 909 222
306 870 372 930 sqq.
394 848 464 908 libri
479 849 521 909 V:

293 961 351 1010 tum
368 970 461 1029 porro
481 969 565 1027 puer,
592 951 738 1007 utereris
757 951 904 1025 prouectus
925 947 962 1007 ud
984 947 1069 1005 uudr'r

291 1056 400 1125 nuor'tu,
425 1052 516 1110 nudus
538 1052 619 1109 humi
639 1053 724 1122 iuret,
751 1049 859 1128 infutis,
884 1050 1002 1127 indigos
1024 1051 1103 1108 omru‘

291 1157 378 1214 vitali
397 1154 520 1225 uuuilr'o,
545 1171 607 1210 cum
627 1155 752 1230 priorum
774 1155 804 1211 iu
826 1153 944 1211 luminis
965 1170 1034 1209 orus

291 1256 407 1316 urbibus
429 1277 466 1313 cu
488 1256 554 1313 cluo
577 1257 678 1312 matris
699 1263 806 1311 cutura
825 1252 969 1333 profudit,

291 1362 445 1436 tragicoque
467 1358 558 1415 locum
581 1356 701 1432 lugubri
720 1357 851 1432 complet,
876 1365 910 1413 ut
929 1365 1055 1414 rectumst

291 1464 341 1520 cui
362 1469 470 1519 tuntum
493 1462 523 1518 in
546 1461 603 1517 orto
626 1466 717 1515 rectu!
739 1459 865 1516 transire
888 1459 1038 1516 mulorum.

164 1562 239 1626 Quis
261 1567 361 1623 autem
383 1562 455 1635 scit,
478 1566 577 1621 utrum
600 1560 685 1619 Sexti
707 1563 809 1618 auctor
830 1559 883 1618 illa
904 1561 1108 1621 tantummodo
1130 1562 1244 1638 Empe·

163 1665 256 1725 doclis
285 1665 393 1737 verba,
424 1682 485 1722 non
507 1663 640 1738 integros
662 1680 765 1721 versus
787 1660 954 1723 laudaverit
975 1694 1017 1705 —
1038 1663 1166 1723 forsitan
1188 1664 1244 1723 alii

164 1786 282 1848 quoque
305 1766 445 1842 Epicurei
473 1764 554 1823 illius
584 1763 715 1823 carmina
745 1763 936 1824 adhibuerint
956 1796 999 1807 —
1021 1784 1059 1823 sn
1081 1766 1242 1826 Lucretius

162 1869 333 1929 memoriam
363 1872 469 1945 poetae
490 1866 682 1943 Agrigentini
711 1885 750 1924 ex
778 1865 873 1941 ipsius
899 1867 1079 1927 carminibus
1106 1887 1243 1946 sumpse·

161 1968 261 2048 ritu?

247 2071 293 2130 De
314 2071 372 2130 hoc
393 2069 486 2146 igitur
506 2071 590 2130 fonte
611 2070 688 2128 nihil
704 2070 776 2130 certi
800 2074 930 2129 statrrere
951 2069 1030 2143 licet,
1052 2071 1163 2140 certius
1184 2072 1241 2131 ali·

164 2175 243 2256 quod
266 2175 302 2232 de
317 2172 507 2250 Thucydide;
530 2192 598 2232 num
621 2172 686 2231 fieri
709 2172 823 2251 nequit,
846 2175 880 2231 ut
894 2172 1041 2248 Epicurus
1064 2174 1241 2253 descriptio·

163 2297 232 2336 nem
254 2274 474 2353 Thucydideam
503 2276 539 2335 de
567 2281 651 2351 peste
672 2273 902 2334 Atheniensium
931 2293 1026 2353 usque
1054 2275 1241 2339 adverbum

162 2379 196 2438 in
219 2398 293 2454 opus
323 2358 408 2436 suum
435 2378 479 2436 ita
505 2378 667 2453 receperit,
697 2381 732 2437 ut
753 2375 885 2434 Lucretii
906 2395 1011 2436 versus
1033 2382 1150 2438 tautum
1172 2400 1244 2441 con·

165 2481 246 2543 versi
270 2498 334 2539 esse
356 2479 515 2539 videantur
537 2498 575 2538 ex
589 2480 690 2540 Attico
715 2479 867 2554 scriptore.
910 2477 1070 2539 Praetereo
1084 2480 1244 2543 Lucretius

164 2585 283 2659 praeter
305 2580 525 2658 Thucydideam
557 2581 679 2642 alteram
709 2599 827 2661 quoque
857 2579 1085 2656 descriptionem
1114 2601 1243 2643 comme·

65 2712 68 2717 ·
163 2687 267 2758 moret,
290 2683 449 2761 praecipue
471 2683 503 2742 in
524 2705 573 2745 vv.
590 2686 765 2755 1182-96,
789 2701 865 2760 quos
887 2702 953 2741 cum
969 2682 1165 2759 Hippocratis
1189 2686 1241 2745 do·

164 2786 260 2846 ctrina
274 2785 360 2846 valde
376 2785 544 2845 consentire
558 2784 617 2842 iam
634 2784 748 2862 antiqui
764 2783 944 2860 interpretes
958 2784 1099 2845 viderunt
1117 2791 1149 2847 et
1164 2806 1240 2867 quos

164 2887 328 2948 Woltierus
357 2887 465 2947 iterum
487 2888 616 2964 Epicuro
646 2884 760 2947 tribuit.
805 2886 909 2944 Eidem
940 2886 1054 2946 etiamsi
1075 2887 1134 2949 viri
1159 2890 1240 2950 docti

163 2993 308 3061 statuunt,
331 3007 408 3069 quae
428 2989 624 3049 inveniuntur
646 2988 724 3065 apud
739 2992 858 3064 poetam
873 2988 1049 3062 Romanum,
1073 2989 1174 3050 omnia
1189 2993 1240 3051 de·

164 3092 244 3164 beri,
275 3096 375 3151 temen
397 3092 529 3168 priorum
551 3094 666 3151 tentum
690 3088 829 3148 carminis
850 3089 994 3149 librorum
1016 3091 1130 3151 fontem
1152 3093 1239 3153 illum

165 3212 229 3254 esse
243 3193 411 3269 fragmenta
425 3194 540 3266 docent,
564 3193 614 3252 sed
637 3192 673 3250 ud
696 3190 781 3263 sexti·
797 3190 866 3250 libri
888 3196 1002 3269 purtem
1025 3192 1150 3254 alterum
1171 3215 1238 3256 oum

163 3295 299 3370 magistri
328 3295 447 3374 scriptis
478 3295 704 3370 comparandam
735 3294 798 3352 fers
828 3294 930 3352 nullus
960 3312 1062 3354 sorum
1092 3297 1247 3377 reliquiae

163 3403 291 3459 exstant

233 3619 260 3678 3)
277 3618 419 3666 Lucretium
437 3618 593 3678 Empedoclis
611 3617 720 3664 carmina
743 3616 824 3677 ipsum
848 3616 998 3677 inspexisse,
1026 3618 1152 3666 contendit
1168 3618 1237 3666 Bric-

164 3717 238 3764 gerus
264 3704 290 3750 in
313 3718 417 3751 censura
434 3704 548 3751 Woltieri
571 3703 629 3750 libri
651 3703 677 3749 in
695 3702 811 3750 Bursiani
836 3703 941 3761 annali,
969 3703 1034 3752 tstt
1060 3718 1084 3763 p.
1099 3704 1140 3752 74.
1176 3705 1237 3752 Ver·

163 3802 206 3838 sus
232 3789 274 3847 qui
296 3790 322 3836 in
344 3793 449 3848 utroque
471 3794 545 3849 poete
569 3788 748 3847 consentirent,
775 3793 966 3848 composuerunt
986 3789 1112 3836 Hullierus
1134 3790 1160 3837 in
1178 3790 1237 3838 diss.

163 3873 279 3937 ¹Lucretii
296 3875 405 3922 carmina
422 3889 436 3922 e
454 3874 564 3934 fragmtt.
582 3872 741 3934 Empedoclis
759 3873 911 3921 adumbrate'
928 3874 1008 3921 denae
1022 3875 1096 3934 rect,
1114 3879 1140 3923 et
1150 3877 1236 3923 Bcest·

163 3959 253 4007 leiuius
271 3959 297 4005 in
314 3973 398 4020 progr.
417 3958 594 4020 Schleusingse
613 3959 694 4008 rste:
719 3958 793 4022 ‘Quid
810 3957 939 4007 Lucretius
964 3959 1077 4008 debuerit
1092 3959 1237 4021 Empedocli

163 4043 341 4105 Agrigentino,
359 4045 402 4093 sed
419 4045 504 4093 multis
522 4046 548 4093 in
560 4044 634 4093 rebus
652 4044 678 4091 in
690 4058 812 4093 consensu
828 4046 955 4105 utriusque
971 4045 1119 4105 inquirendo
1136 4045 1235 4095 modum

162 4129 320 4178 transierunt.
