2616 4582
565 238 757 303 -7...

120 393 224 469 dapnis
246 411 363 471 cumque
386 397 459 466 urin,
494 396 573 475 quod
597 394 805 455 Lachmannus
828 394 985 454 emendare
1008 396 1131 454 conatus
1153 396 1200 454 ast

118 497 178 555 hoc
193 496 298 555 modo:
320 506 359 575 ,et
380 496 431 555 udi
451 497 516 575 lupi
535 516 652 574 cumque
675 495 756 555 ailad.
794 496 904 556 Tamen
919 497 976 556 hac
990 494 1198 556 emendatione

118 596 281 657 difficultas
310 599 427 659 sublata
453 618 515 659 non
542 603 595 659 est.
639 600 705 658 Iam
726 599 759 657 in
780 598 881 660 verbis
907 618 971 685 ‘nec
993 598 1091 656 minus
1113 597 1198 655 exul·

118 690 194 760 tant’
207 701 374 760 haeremus.
412 699 490 765 Quid
506 703 585 760 enim
602 722 660 781 quo
676 699 793 761 minus?
833 702 896 776 Ego
913 700 989 758 nihil
1004 699 1084 759 aliud
1099 698 1198 758 dicere

117 821 240 878 possum
262 807 353 882 atque
374 803 539 862 subiectum
562 823 626 862 asse
647 795 751 890 ‘tecta’,
774 821 849 882 qnae
867 821 929 861 non
946 802 1045 861 minus
1060 801 1198 861 exultant

118 922 210 983 quam
231 911 312 965 terra
334 907 435 966 tremit
458 906 490 964 in
512 927 562 968 vv.
580 910 641 964 544
654 926 719 986 sqq.
763 908 806 965 At
827 905 852 964 si
875 923 978 966 vocem
1001 905 1106 963 domus
1127 904 1197 962 sub-

118 1005 278 1080 stituimus,
301 1027 373 1066 num
395 1012 473 1068 staro
496 1012 595 1085 potest
615 1008 795 1094 ‘ubicunque
810 998 880 1067 viai'
902 1006 1048 1087 quianon
1063 1005 1197 1065 ubicum-

118 1126 179 1187 que
200 1108 261 1170 viai
284 1110 387 1169 domus
409 1108 495 1171 sunt?
517 1144 559 1154 —
582 1111 689 1184 Audio,
711 1110 763 1170 sed
785 1110 811 1169 si
832 1113 922 1185 poeta
943 1111 1030 1168 antea
1052 1108 1088 1166 de
1109 1107 1197 1168 tectis

118 1212 345 1287 propterviam
374 1212 490 1272 locutus
513 1219 572 1286 est,
604 1213 693 1272 etiam
716 1232 763 1272 vr.
782 1215 842 1269 550
857 1229 922 1289 sqq.
945 1212 1062 1268 tautum
1088 1210 1125 1267 de
1146 1209 1196 1269 via

118 1312 203 1392 loqui
226 1315 332 1390 potuit,
355 1313 440 1374 iuxta
462 1333 550 1394 quam
574 1316 677 1373 domus
698 1314 813 1390 positae
836 1316 922 1385 sunt,
944 1311 1106 1389 praecipue
1129 1330 1195 1369 cum

116 1415 151 1474 in
174 1416 311 1476 omnibus
332 1416 380 1476 his
401 1416 547 1489 versibus,
570 1416 733 1495 dequibus
754 1415 861 1490 agitur,
885 1414 972 1472 modo
987 1432 1079 1471 unum
1095 1430 1195 1473 exem·

115 1517 200 1595 plum
216 1522 323 1578 exstet.
367 1519 465 1578 Etiam
489 1518 547 1576 alia
565 1516 779 1577 dubitationem
800 1516 887 1576 nobis
905 1519 1034 1588 movent,
1057 1516 1082 1574 si
1101 1514 1195 1573 Lach-

116 1638 258 1680 mannum
281 1622 440 1700 sequimur.
485 1620 618 1680 Primum
641 1621 720 1679 enim
743 1621 801 1678 duo
825 1619 963 1695 exempla
985 1636 1024 1676 ex
1045 1637 1105 1677 uno
1128 1616 1194 1674 red·

117 1706 210 1782 didit:
232 1723 322 1808 ‘quod
343 1728 423 1781 terra
444 1726 593 1795 tremeret,
618 1723 724 1781 mirum
747 1742 806 1781 non
831 1738 904 1792 esse,
927 1719 1067 1799 quoniam
1090 1718 1194 1778 domus

116 1843 210 1900 parvo
231 1825 363 1901 pondere
384 1825 511 1901 plaustri
534 1844 676 1884 concussa
697 1825 868 1896 vacillaret,
900 1841 955 1882 nec
985 1821 1083 1880 minus
1110 1819 1195 1878 exul-

116 1931 195 1988 taret
217 1946 306 2007 quam
329 1931 424 1999 terra,
450 1926 611 1986 etiterum
634 1932 811 2000 moveretur,
835 1925 1015 2004 ubicumque
1035 1922 1097 1984 viai
1118 1921 1195 1998 lapis

114 2030 241 2090 ferratas
270 2029 420 2107 utrimque
447 2033 528 2088 rotas
556 2021 741 2089 succuteret.’
783 2028 857 2087 Tum
885 2027 1028 2105 profiteor
1055 2044 1102 2085 me
1132 2044 1194 2083 non

114 2131 301 2206 intellegere,
324 2150 383 2210 quo
399 2131 486 2189 modo
509 2139 599 2207 poeta
621 2132 718 2191 dicere
740 2131 835 2208 possit
851 2132 970 2189 domum
985 2129 1103 2189 concuti
1119 2146 1194 2205 pon·

115 2237 186 2294 dere
215 2233 355 2311 plaustri,
387 2233 445 2293 nisi
468 2233 610 2293 adiecerit
639 2234 803 2310 plaustrum
825 2232 904 2294 vehi.
950 2231 1046 2296 Quam
1070 2231 1193 2290 obrem

113 2358 164 2399 vv.
181 2340 240 2395 550
254 2355 319 2416 sqq.
335 2340 448 2396 motum
472 2337 604 2412 carpenti
628 2336 799 2412 significari,
823 2335 1124 2412 coniunctionemque
1146 2322 1193 2418 ‘et'

113 2440 147 2498 in
162 2439 255 2501 verbo
278 2437 387 2498 tradito
409 2429 457 2522 ‘es'
480 2458 541 2497 non
556 2438 651 2498 latere
666 2440 803 2500 arbitror.
847 2438 985 2518 Denique
1001 2435 1192 2496 Lachmanno

114 2541 204 2600 fidem
226 2559 287 2598 non
308 2539 501 2613 habebimus,
535 2542 615 2620 quod
637 2541 815 2602 Susamihlio
839 2542 1031 2616 praeceptore
1053 2536 1192 2596 illustris·

114 2643 189 2704 simo
204 2646 346 2701 monente
362 2645 486 2714 constat,
508 2643 568 2701 iam
590 2663 683 2702 unum
704 2643 834 2719 lapidem
856 2647 938 2702 rotas
958 2640 1111 2719 utrimque
1133 2638 1151 2696 i.
1165 2657 1191 2697 a.

114 2748 151 2805 ab
166 2749 294 2825 utroque
315 2742 441 2820 plaustri
456 2743 558 2817 latere,
581 2749 734 2805 succutere
749 2763 844 2821 posse.
889 2745 996 2823 Itaque
1011 2741 1112 2804 verbis
1127 2759 1191 2800 cor·

112 2846 210 2924 ruptis
239 2866 279 2934 ‘es
301 2836 417 2922 dupuis’
439 2878 481 2887 -
502 2864 572 2904 nam
593 2865 729 2933 ‘cumque
751 2837 819 2907 viai’
850 2845 1013 2906 certissime
1036 2843 1192 2903 emendata

113 2952 185 3010 aunt
205 2982 248 2993 -
270 2948 383 3028 “liquid
405 2947 504 3007 inesse
526 2949 629 3022 debet,
663 2951 742 3029 quod
763 2951 859 3007 rotam
881 2952 1039 3027 utramque
1061 2945 1191 3022 priorem

112 3051 162 3112 rel
184 3051 380 3129 posteriorem
403 3050 543 3110 offendat.
586 3050 671 3109 Idem
694 3048 862 3127 exemplum
891 3048 1017 3124 legimus
1038 3049 1117 3124 apud
1139 3047 1190 3107 Se-

113 3172 217 3214 necam
231 3154 269 3212 N.
284 3151 319 3216 Q.
336 3151 387 3225 Vl,
406 3156 455 3224 22,
475 3157 507 3211 l:
529 3153 576 3230 ,Si
595 3154 709 3230 quondo
732 3170 838 3228 magno
861 3170 950 3210 onera
968 3171 1025 3230 pen
1045 3152 1122 3209 cicer
1144 3170 1190 3208 ue·

113 3255 276 3314 dicatorum
295 3255 424 3331 plurium
448 3262 543 3312 tractu
565 3262 641 3325 sunt,
668 3263 696 3312 ct
710 3264 794 3314 rotae
809 3258 917 3314 maiore
932 3257 997 3314 nr'su
1012 3257 1041 3313 r'n
1056 3252 1190 3312 salebras

112 3493 237 3554 Bergkius
255 3492 291 3558 (in
309 3492 381 3540 Iahni
398 3493 489 3541 annall.
508 3497 567 3542 tom.
581 3493 613 3542 67
632 3508 656 3555 p.
671 3491 743 3558 ³2⁷l²
767 3493 905 3543 meminus
922 3493 1029 3542 aalma
1045 3494 1121 3555 iupis,
1139 3491 1189 3540 adi·

112 3593 202 3638 comque
213 3579 266 3626 orci
276 3576 403 3645 llserratoa
421 3578 509 3639 cariquc
526 3585 635 3626 rotarum
653 3581 752 3627 euomuit
770 3579 846 3639 order,
865 3594 928 3640 quae
941 3580 1082 3627 coniectura
1100 3580 1123 3627 ei
1140 3581 1189 3641 ipsi

112 3678 163 3712 non
189 3665 318 3713 satisfacit.
355 3663 477 3712 christino
501 3661 604 3731 (quaest.
624 3666 696 3714 Luor.
723 3667 847 3714 Monachii
866 3668 932 3714 1855
956 3680 983 3726 p.
996 3664 1054 3728 26):
1081 3665 1189 3713 exultant

111 3749 186 3810 seder,
204 3749 335 3810 cbicuaque
351 3750 410 3796 cici.
446 3749 602 3811 Grasberger
623 3750 663 3816 (de
682 3752 756 3801 Lucr.
776 3767 850 3802 carm.
871 3752 929 3800 diss.
949 3752 1074 3800 Monachii
1095 3749 1186 3814 1856)ι

113 3834 180 3883 redae
202 3835 344 3895 ubiquaque
362 3835 419 3883 ciui.
454 3837 523 3907 Polla
549 3835 644 3901 (philol.
664 3840 697 3887 25
715 3837 827 3903 p.281):
854 3853 929 3885 onera
951 3838 1020 3886 umbo
1043 3836 1187 3898 ubmcmque.

112 3920 208 3969 Goebel
224 3921 334 3987 (quaest.
352 3923 426 3971 Loor.
446 3904 544 3971 criticae
564 3922 701 3985 salisburgi
721 3927 785 3974 1857
805 3942 829 3987 p.
843 3922 903 3992 ²⁷li
921 3925 1028 3973 cmdtcnt
1045 3924 1187 3984 riquardo

111 4021 202 4067 cunque
218 4007 276 4054 cici.
311 4009 443 4058 Munrous:
471 4024 570 4071 scrupus
588 4010 720 4070 quicunque
737 4011 794 4058 orci.
830 4013 1049 4061 Boolremiillerua:
1074 4025 1112 4058 res
1131 4010 1188 4058 dam

111 4108 148 4143 oto
165 4106 238 4154 aeque
255 4109 314 4142 otor.
