2616 4582
545 52 759 118 ..51-

201 212 286 269 Idem
307 209 430 270 tradidit
451 209 677 286 Amelesagoras
699 209 777 286 apud
793 208 934 284 Antigon.
952 209 1117 288 Carystium
1137 213 1189 268 12:

110 305 352 390 Ἀμελησαγόρας
374 307 405 369 δὲ
428 303 447 370 o‘
467 303 630 389 Ἀθηναῖος
657 303 674 370 ὁ
696 304 749 388 τήν
770 302 894 370 Ἀτθίδα
916 303 1129 391 συγγεγραφώς
1151 303 1189 370 cii

115 431 192 491 φησι
214 408 351 494 κορώνην
373 414 598 493 reccimundus
620 408 697 494 πρὸς
719 407 772 492 τήν
792 407 968 495 ἀκρόπολιν,
992 389 1058 474 odt’
1073 412 1134 492 ἔχοι
1152 407 1189 473 civ

113 516 208 579 εἰπεῖν
231 509 371 597 ἑωρακώς
394 511 507 588 otest?
524 520 603 578 aul.
617 518 678 598 89).
724 519 862 580 Forsitan
879 520 996 577 Graium
1008 526 1110 595 poetas
1125 517 1190 577 cai-

111 623 274 681 limaohum
303 620 460 681 Lucretius
492 621 677 682 intellexerit
691 619 751 699 4⁰).
804 621 887 684 Quae
917 620 1020 681 fabula
1053 620 1077 680 si
1111 621 1189 697 apud

113 726 277 802 Epicurum
299 723 472 798 exstitisset,
495 728 614 802 poetam
630 715 867 783 Alexandrinum
889 744 906 783 a
927 723 1107 802 philosopho
1129 725 1189 783 Ro-

114 848 201 887 mano
217 827 283 904 ipso
299 828 466 904 inspectum
484 846 549 887 esse
565 832 692 904 oportet,
713 827 784 906 quia
800 826 885 885 illum
903 827 1044 902 magister
1057 826 1191 887 Lucretii

114 931 259 990 adhibere
282 951 344 990 non
366 930 472 1006 potuit.
516 930 547 988 si
570 932 648 1007 apud
672 930 865 990 Posidonium
886 929 1010 992 inventa
1032 933 1110 1002 erat,
1140 929 1190 989 hio

111 1033 240 1092 fortasse
262 1033 475 1093 Callimachum
502 1033 561 1092 iam
582 1033 725 1096 laudavit.
768 1033 804 1090 Id
828 1051 898 1092 sane
921 1033 1110 1093 statuendum
1133 1032 1190 1093 erit

112 1141 232 1213 praeter
254 1137 415 1213 Epicurum
436 1136 528 1195 alium
550 1141 700 1196 auctorem
723 1135 890 1196 adhibitum
913 1152 992 1209 esse,
1016 1136 1080 1198 sive
1102 1134 1190 1194 cclii-

114 1240 251 1298 maohum
274 1239 336 1302 sive
358 1239 560 1299 Posidonium.

202 1584 277 1690 Iam
299 1632 371 1693 satis
392 1634 467 1693 haec
489 1632 525 1691 de
547 1632 702 1693 Posidonii
724 1632 860 1710 vestigiis
867 1653 875 1707 ;
906 1632 993 1695 valde
1015 1632 1189 1693 temerarius

115 1737 241 1796 fortasse
267 1735 350 1798 visus
379 1756 458 1810 sum,
494 1736 573 1816 quod
600 1736 744 1813 temptavi
766 1737 905 1796 carminis
926 1740 1032 1813 poetae
1053 1736 1189 1810 Romani,

116 1860 203 1919 quem
226 1843 378 1898 strenuum
400 1839 579 1916 Epicureum
601 1836 694 1898 fuisse
716 1839 773 1911 uiri
796 1839 875 1900 docti
897 1858 1070 1917 persuasum
1098 1841 1189 1898 habe-

115 1944 195 2014 bant,
219 1941 268 2033 uel
284 1941 374 2001 etiam
389 1942 513 2002 stoicum
530 1947 680 2002 auctorem
702 1942 936 2021 monstraress).
981 1941 1101 2019 Quippe
1115 1942 1190 2002 alios

115 2044 276 2121 discipulos
303 2045 335 2103 in
364 2045 516 2106 nonnullis
543 2046 633 2106 rebus
660 2046 697 2104 ab
728 2050 863 2107 accurata
892 2045 1026 2122 magistri
1056 2045 1190 2105 doctrina

116 2148 332 2226 quadamtenus
354 2149 510 2209 recessisse
528 2147 776 2225 Dueningins⁴²)
800 2153 830 2209 et
851 2148 1063 2224 Hirnelins43)
1086 2148 1190 2207 docue-

114 2254 202 2323 runt,
224 2255 344 2311 vetusta
365 2252 417 2310 illa
438 2251 548 2329 placita
569 2252 829 2329 philosophorum,
858 2252 929 2312 licet
949 2271 967 2311 a
989 2251 1088 2312 Stoico
1111 2269 1189 2310 oom-

185 2470 228 2539 39)
248 2472 363 2533 Sequitur
381 2473 477 2532 tabula,
505 2487 579 2533 quam
603 2475 686 2536 paullo
710 2475 834 2522 diversam
856 2474 938 2522 attulit
956 2473 1062 2522 Ovidius
1079 2476 1137 2521 met.
1155 2473 1188 2533 II,

115 2559 166 2607 552
179 2574 233 2619 sqq.
267 2560 307 2608 De
324 2561 502 2621 Amelesagors
518 2561 550 2607 cf.
570 2561 601 2609 de
618 2561 783 2608 Wilamowitc
801 2560 897 2624 ,philol
910 2558 1134 2620 untersnohungen’
1152 2559 1188 2607 1v

114 2660 139 2706 p.
154 2647 195 2705 24,
214 2645 269 2695 adn.
285 2647 326 2695 17.

184 2728 227 2797 40)
244 2732 284 2780 De
302 2731 448 2781 Callimachi
466 2733 607 2781 narratione
626 2734 656 2781 cf.
676 2734 741 2793 quod
759 2733 883 2794 Bergkius
901 2732 1001 2794 scripsit
1017 2746 1055 2797 ,nu
1073 2731 1188 2780 Callima·

116 2816 185 2865 chus'
203 2831 266 2866 mus.
278 2819 357 2866 Rhen.
371 2818 408 2865 1x
425 2834 449 2880 p.
464 2821 513 2869 138
526 2834 579 2879 sqq.
614 2820 654 2867 Ad
671 2819 812 2868 testimonia
829 2820 882 2867 eius
900 2819 998 2867 tabulae
1009 2819 1119 2879 Bergkio
1137 2820 1188 2866 lau-

114 2903 174 2951 data
185 2903 338 2951 adiciendum
357 2910 401 2962 est,
420 2906 485 2964 quod
496 2907 615 2957 Munrous
632 2906 762 2954 adnotavit
778 2905 893 2954 Philostr.
913 2906 957 2953 vit.
975 2905 1135 2966 Apollonll,
1150 2909 1189 2956 10.

186 2985 230 3055 41)
249 2989 342 3037 Tamen
360 2989 419 3049 quid
437 2991 569 3051 scriptores
588 2995 612 3038 et
629 2992 735 3039 Romani
753 2996 777 3039 et
795 2991 884 3039 Graeci
900 2992 1033 3040 Posidonio
1052 2992 1188 3054 debuerint,

114 3075 235 3123 Cicerone
252 3078 361 3135 excepto,
380 3089 467 3135 parum
483 3076 627 3136 inquisitum
639 3083 683 3125 est.
718 3078 778 3126 Eius
796 3077 874 3127 libros
892 3079 981 3126 multos
998 3078 1087 3139 legisse
1105 3082 1130 3127 et
1148 3093 1188 3126 ex-

113 3161 244 3220 scripsisse
255 3161 328 3208 credo
341 3174 422 3220 neque
434 3161 527 3223 dubito,
546 3163 605 3223 quin
623 3164 697 3211 etiam
715 3164 741 3212 in
752 3164 834 3212 Aetna
852 3164 959 3213 carmine
976 3164 1064 3212 incerti
1082 3165 1188 3213 auctoris
1269 3168 1272 3174 '

113 3247 192 3294 multa
210 3247 241 3293 ad
259 3260 315 3294 eum
333 3246 442 3306 redeant,
461 3248 518 3306 quia
536 3249 585 3296 alio
603 3249 676 3298 modo
694 3250 879 3298 similitudinem
896 3251 961 3298 inter
978 3250 1040 3298 illud
1052 3264 1151 3298 carmen
1164 3255 1189 3298 et

113 3332 258 3379 Lucretium
271 3338 345 3391 atque
358 3331 476 3381 Senecam
487 3334 635 3395 intellegere
646 3350 750 3394 nequeo.
785 3336 980 3384 incertissimum
998 3337 1098 3396 quidem
1115 3340 1188 3398 esset,

112 3418 180 3479 quod
198 3418 229 3465 de
247 3421 346 3465 auctore
363 3419 473 3467 Lucretii
498 3420 565 3480 erui,
592 3421 613 3468 si
638 3421 752 3470 Iacobius
778 3426 843 3470 reete
867 3422 1035 3473 contendisset
1057 3423 1083 3469 in
1108 3425 1186 3484 praef.

112 3518 170 3565 pag.
182 3503 268 3551 XVIII
285 3508 410 3552 auctorem
428 3506 523 3554 Aetnae
540 3508 656 3555 carminis
667 3508 816 3568 Epicureum
829 3507 912 3556 tuisse.
949 3507 1021 3568 Quod
1034 3509 1055 3557 si
1067 3508 1101 3554 ita
1113 3513 1186 3568 esset,

111 3589 271 3639 verisimilius
297 3594 363 3638 esset
387 3582 530 3640 Lucretium
558 3596 583 3640 et
607 3599 705 3653 poetam
732 3608 882 3656 anonymum
908 3595 940 3642 ad
965 3595 1069 3642 eundern
1095 3596 1188 3643 fontem

111 3676 194 3724 redire
212 3675 368 3735 Epicureum.
406 3677 499 3726 Temen
516 3679 630 3728 Iscobius
655 3681 709 3728 sine
726 3695 801 3728 cansa
817 3680 865 3729 hoc
882 3681 986 3730 coniecit
1010 3685 1034 3729 et
1051 3695 1066 3728 a
1083 3683 1187 3730 Munroo

112 3761 253 3811 rectissime
271 3763 391 3810 refutatus
409 3767 453 3811 est.

181 3845 226 3910 42)
244 3848 288 3894 1.1.
307 3862 330 3908 p.
345 3850 376 3897 re
389 3863 427 3909 sq.

182 3930 227 3997 43)
245 3933 482 3997 ,Untersuchungen'
499 3937 512 3984 1
529 3951 552 3998 p.
569 3937 712 3986 lte—190.
