2616 4582
544 311 757 375 ..41-

111 467 206 527 multa
236 467 435 525 Posidoniana
456 467 585 528 Senecae
615 468 691 527 libro
715 468 766 527 111
795 469 893 527 inesse
923 475 1002 529 reete
1033 467 1187 528 intellexit

110 570 144 626 in
166 590 233 646 pag.
251 574 321 627 225.

200 674 285 731 Certe
308 671 340 729 in
357 691 421 746 cap.
436 672 480 730 VI
494 673 722 732 Posidonianam
746 674 943 733 eruditionem
963 675 1095 750 praebet.
1129 674 1188 732 Hic

111 775 191 834 enim
229 774 313 834 dicit:
351 776 481 851 ‘Quidam
517 778 685 834 euistiraant
712 778 846 853 quiequid
874 797 910 834 aa
941 775 1077 835 imbribus
1108 784 1186 831 terra

112 879 248 953 concipit,
268 877 306 934 ad
316 880 372 935 imo
386 878 465 934 trahi
479 887 509 934 et
522 879 551 934 ιἰι
558 879 685 956 stamina
701 897 803 936 rursus
818 881 911 936 ems'ai
922 889 949 936 et
960 879 1013 936 Ιιοο
1025 879 1190 954 argurueuti

112 982 320 1056 lecapenum,
345 981 420 1056 quod
440 983 592 1038 rarissima
606 982 732 1058 stamina
754 991 821 1038 suut
844 984 873 1040 ia
896 982 940 1039 lu's
962 982 1052 1050 loces,
1085 979 1186 1056 quibus

111 1101 200 1141 rarus
222 1091 266 1139 est
286 1082 384 1140 imber.
431 1082 496 1140 Ideo
518 1084 611 1140 sareas
633 1083 716 1140 uiuat
738 1083 909 1160 Aethiopiae
937 1083 1105 1140 solitudines
1126 1101 1187 1139 esse

108 1205 274 1263 paucasque
305 1187 430 1243 inueniri
459 1188 488 1242 iu
522 1187 660 1243 interiore
690 1185 798 1264 Africa
821 1185 940 1264 sontes,
973 1187 1040 1261 quio
1065 1183 1185 1263 servilia

113 1297 220 1345 rectura
243 1289 319 1345 eceli
338 1289 377 1344 sit
397 1296 425 1344 et
444 1307 535 1363 paene
557 1308 665 1365 semper
687 1291 805 1347 aestivo.
841 1289 990 1366 squalidae
1011 1290 1105 1365 itaque
1126 1289 1188 1344 seire

113 1388 228 1459 arbore,
254 1392 315 1447 σιἰιε
337 1392 447 1447 cultore
470 1409 574 1448 arenae
597 1394 691 1450 iaceat
712 1394 791 1449 raris
813 1391 949 1450 imbribus
964 1410 1093 1468 sparsae,
1118 1408 1187 1465 quos

112 1495 209 1550 slau'm
229 1490 413 1549 combibunt)
455 1493 539 1552 Idem
555 1493 714 1553 Posidonia
731 1494 837 1554 tribuit
850 1496 956 1555 Strabo
972 1493 1066 1551 XVII
1080 1513 1110 1568 p.
1124 1496 1185 1549 830

113 1594 160 1670 (fr.
181 1597 198 1651 7
203 1594 252 1670 3):
278 1588 538 1663 Ποσειδώνιος
561 1588 586 1652 δ’
600 1589 657 1653 οὐκ
672 1586 730 1653 οἷδ’
748 1592 774 1653 εἰ
788 1589 929 1672 ἀληθεύει
952 1588 1052 1671 φήσας
1075 1589 1185 1672 ὀλίγοις

114 1693 165 1755 καί
186 1699 303 1775 μικροῖς
322 1695 509 1776 διαρρεῖσθαι
528 1701 673 1772 ποταμοῖς
691 1695 743 1773 τήν
759 1691 893 1774 Λιβύην·
917 1691 1028 1766 αὐτούς
1051 1689 1107 1776 γάρ
1131 1688 1186 1765 οὓς

111 1792 325 1878 Ἀρτεμίδωρος
336 1797 444 1878 είρηκε,
468 1793 537 1870 rode
549 1794 720 1876 μεταξάτῆς
730 1793 852 1879 Λυγγδς
863 1797 913 1859 καὶ
928 1794 1123 1878 Καρχηδόνος
1134 1794 1185 1856 καὶ

112 1894 240 1971 πολλοὺς
270 1900 367 1981 είρηκε
396 1900 446 1961 καὶ
468 1901 620 1982 μεγάλους.
665 1896 714 1962 Ἐν
737 1898 767 1962 δὲ
790 1905 825 1986 τῇ
849 1903 990 1985 μεσογαίᾳ
1012 1894 1093 1960 ταῦτ’
1115 1896 1185 1976 άλη-

113 2002 256 2084 θέσεερον
285 2001 394 2063 εἰπεῖν·
427 2003 526 2084 είρηκε
547 2002 578 2066 δὲ
600 2000 708 2065 τούτου
731 1999 784 2083 τὴν
807 2005 902 2065 αἰτίαν
926 2000 1031 2075 αάειίς·
1066 1997 1106 2079 μὴ
1129 1995 1185 2082 γάρ

112 2105 349 2186 καοομβρεῖσθαι
373 2111 436 2178 τοῖς
458 2099 612 2187 άρκτικοῖς
634 2106 742 2184 μέρεσι,
764 2102 902 2187 καθάπερ
925 2101 994 2167 odat
1009 2101 1062 2183 τὴν
1077 2105 1186 2165 Αἰθιο-

112 2210 185 2270 πίαν
200 2212 286 2284 φασί·
311 2205 357 2271 διδ
374 2205 514 2282 πολλάκις
534 2205 654 2289 λοιμικά
679 2209 832 2286 ἐμπίπτειν
849 2204 909 2270 iao*
928 2206 1051 2287 αὐχμῶν
1067 2201 1187 2277 καλιάς

113 2314 218 2390 λίμνας
241 2308 387 2390 τελμάτων
409 2317 599 2392 πίμπλασθαι
621 2311 672 2373 καί
694 2309 748 2390 τήν
771 2311 878 2393 ἀκρίδα
901 2306 1096 2385 ἐπιπολάζειν.
1140 2314 1186 2370 De

113 2419 247 2477 Thaletis
277 2420 425 2478 sententia
453 2421 484 2477 in
515 2439 577 2495 cap.
598 2425 634 2477 13
659 2425 688 2479 et
713 2424 750 2478 14
781 2419 928 2478 Dielesius
959 2417 1097 2476 disseruit
1124 2415 1144 2472 l.
1167 2415 1186 2472 l.

112 2521 216 2578 Simile
245 2519 357 2599 aliquid
385 2522 439 2579 sub
469 2527 549 2580 terra
575 2521 639 2580 fieri
666 2529 756 2599 atque
777 2521 810 2577 in
832 2520 960 2578 nubibus
980 2519 1092 2578 Seneca
1114 2518 1187 2577 dicit

113 2622 273 2694 111,15‚7
298 2627 328 2681 et
351 2623 384 2697 V,
404 2618 487 2696 14,3
511 2628 542 2683 et
563 2623 679 2682 Plinius
701 2623 733 2681 in
757 2620 864 2700 5192,
888 2642 964 2701 quae
986 2643 1045 2681 non
1063 2642 1102 2681 ex
1117 2621 1184 2680 Ari-

113 2725 229 2784 stotelis
257 2731 377 2784 meteor.
406 2726 492 2797 II,8
521 2727 626 2785 hausta
656 2731 707 2785 est.
753 2710 920 2784 De‘antris
949 2725 1109 2784 mortiferis
1136 2724 1185 2782 vel

112 2827 220 2886 avibus
249 2827 421 2888 ebrietatem
451 2827 650 2887 efficientibus
680 2848 703 2886 c.
725 2833 761 2886 21
795 2828 873 2887 idem
903 2830 989 2888 docet
1017 2832 1120 2886 auctor
1148 2828 1184 2909 dc

113 2930 224 2988 mundo
254 2929 298 2988 IV
320 2930 458 3005 pasch
482 2935 521 2987 26
538 2950 602 3009 sqq.
635 2931 822 3006 Empedoclis
852 2932 1001 2990 sententia
1031 2932 1067 2989 de
1099 2931 1185 3009 aquis

114 3031 280 3090 calentibus
310 3053 372 3108 cap.
397 3038 435 3090 24
468 3033 620 3092 invenitur
650 3033 738 3092 ctiam
770 3035 804 3091 de
836 3035 944 3091 mundo
975 3034 1019 3092 IV
1045 3054 1073 3108 p.
1091 3033 1184 3090 3951)

114 3141 154 3192 23
168 3155 234 3214 sqq.
280 3135 420 3199 Quartam
443 3135 669 3194 inundationum
692 3136 838 3195 rationem
860 3136 892 3192 in
915 3155 977 3211 cap.
994 3141 1034 3194 26
1057 3135 1183 3194 similem

112 3237 236 3297 tradidit
258 3238 369 3297 Seneca
391 3243 480 3317 atque
494 3237 645 3311 Diogenes
662 3236 866 3313 Apolloniates
888 3239 965 3313 apud
989 3239 1113 3296 eundem
1131 3237 1183 3309 IV,

114 3347 143 3410 2,
160 3347 200 3398 23
214 3361 258 3419 sq.
288 3346 318 3400 et
346 3339 525 3400 Posidonius
555 3341 633 3415 apud
660 3338 795 3400 Strabon.
818 3341 869 3398 111
890 3361 917 3417 p.
938 3341 995 3399 173
1026 3345 1057 3399 et
1083 3344 1185 3398 auctor

111 3442 183 3501 libri
206 3443 241 3500 de
264 3443 374 3500 mundo
397 3441 441 3499 IV
463 3461 492 3517 p.
509 3448 598 3500 396α
621 3446 659 3501 25
673 3462 736 3520 sqq.
782 3442 935 3505 Quomodo
959 3462 1039 3501 mare
1061 3463 1092 3502 se
1115 3462 1184 3518 pur-

112 3552 206 3620 garet,
229 3551 259 3604 et
276 3544 389 3603 Seneca
406 3545 546 3620 exposuit
567 3566 590 3604 c.
608 3551 657 3619 26,
674 3546 748 3625 isq.
771 3553 801 3605 et
822 3545 957 3604 Strabcl
980 3564 1008 3620 p.
1024 3549 1072 3616 53,
1096 3563 1182 3622 quem

110 3648 210 3708 locum
233 3646 384 3706 Posidonii
407 3665 470 3706 esse
492 3647 564 3705 mihi
586 3648 726 3722 persuasi.

200 3751 296 3810 Etiam
316 3751 352 3807 de
368 3749 457 3807 Plinii
479 3749 555 3810 libro
572 3750 604 3807 II
625 3751 703 3808 idem
725 3751 843 3826 probari
862 3756 976 3827 potest:
999 3750 1091 3809 multa
1106 3748 1183 3805 enim

111 3855 156 3913 ibi
178 3853 378 3913 Posidoniana
407 3857 483 3911 sunt.
529 3853 594 3911 Hoc
616 3853 680 3911 loco
705 3854 790 3912 modo
815 3854 849 3910 de
871 3854 908 3912 iis
930 3855 1018 3911 rebus
1041 3852 1183 3910 disserere

111 3975 242 4032 possum,
266 3973 341 4033 quae
361 3955 553 4026 mirabilibus,
578 3956 613 4013 de
630 3955 738 4033 quibus
753 3975 817 4030 ago,
837 3956 1025 4030 praecedunt,
1048 3955 1183 4033 quamvis

111 4055 260 4135 permulta
294 4057 326 4114 in
354 4056 421 4115 aliis
450 4057 596 4133 capitibus
626 4067 660 4115 ut
691 4068 764 4132 puto
793 4057 888 4116 eidem
918 4056 1101 4132 ‚philosopho
1131 4056 1183 4115 tri-

110 4160 230 4218 buenda
259 4164 336 4219 sunt.
380 4159 524 4218 Memoria
546 4163 627 4218 ortus
649 4157 761 4218 Therae
783 4164 814 4218 ct
835 4158 992 4218 Therasiae
1020 4159 1184 4236 insularum
