2616 4582
543 252 757 317 ..15-

113 426 177 468 esse
196 407 269 467 mihi
286 408 414 469 videtin.
457 409 495 467 In
511 428 560 469 vv.
577 408 656 468 enim
674 411 733 466 585
749 427 814 488 sqq.
829 408 967 468 laudatur
981 412 1080 468 serrae
1094 409 1196 468 motus

112 511 221 570 Sidona
236 511 324 590 Syria
337 511 441 586 factus,
465 511 500 570 de
521 531 580 590 quo
596 511 790 571 Posidonium
812 510 965 587 scripsisse
989 529 1028 569 ex
1044 509 1194 570 Strabone

112 616 130 674 I
150 635 179 691 p.
197 615 268 674 580
287 614 334 693 (fr.
352 614 406 691 76)
429 619 554 676 constat.
599 614 724 690 Legitur
738 614 796 674 ibi:
818 610 851 674 iv
867 607 899 672 di
915 613 952 696 τῇ
971 611 1100 689 Φοινίκη
1118 608 1196 690 φησὶ

116 712 319 786 Ποσειδώνιος
347 714 508 797 γενομένου
531 717 655 792 σεισμοῦ
677 717 892 793 καταποθῆναι
914 708 1001 775 πόλιν
1025 711 1193 795 ἱδρυμένην

112 811 187 899 ὖιιέρ
217 812 364 893 Σιδόνος,
393 815 444 878 καὶ
467 812 562 897 αὐτῆς
585 814 618 878 δὲ
637 811 768 890 Σιδόνος
797 813 901 897 σχεδόν
924 840 952 878 τι
977 811 1015 878 sd
1037 810 1094 877 tio
1118 814 1195 898 μέρη

113 923 228 997 πεσεῖν,
261 912 321 980 ttt'
344 916 400 981 οὐκ
423 915 563 1001 ἀθρόως,
595 915 668 980 ὥστε
691 915 732 1000 μὴ
754 914 849 981 asisii
871 914 993 1002 φθόρον
1015 914 1195 1000 ἀνθρώπων

113 1018 260 1103 γενέσθαι.
287 1011 387 1084 ¹Idem
409 1029 620 1085 commemorat
641 1025 755 1085 Seneca
776 1026 812 1084 N.
830 1022 865 1087 Q.
889 1024 947 1098 VI,
965 1028 1020 1097 24,
1040 1029 1078 1082 6:
1107 1023 1194 1101 ⁴idem

113 1128 219 1185 Sidone
237 1127 376 1185 accidisse
390 1126 541 1185 Posidonio
557 1127 664 1184 erede?
694 1127 753 1186 Sed
769 1127 857 1188 etiam
873 1125 1099 1187 concussionem
1115 1125 1194 1203 Aegi

85 1295 88 1304 ⁸
111 1229 220 1289 factam
238 1249 278 1288 ex
292 1231 394 1289 ecdem
417 1230 501 1290 fonte
516 1228 673 1290 Lucretius
696 1230 752 1289 sibi
775 1229 892 1306 petivit.
925 1231 969 1288 Ea
984 1227 1072 1301 enim,
1097 1247 1194 1308 quan-

113 1337 177 1393 tum
198 1332 275 1405 scio,
308 1330 395 1391 modo
418 1335 464 1393 ier
485 1332 516 1391 in
539 1331 625 1391 libris
648 1332 779 1413 antiquis
807 1332 961 1404 laudatur,
993 1335 1095 1390 nostro
1126 1330 1193 1391 loco

112 1435 252 1508 Lucretii,
274 1434 307 1493 in
323 1435 453 1494 Senecae
468 1436 507 1494 N.
520 1433 555 1499 Q·
568 1435 621 1505 VI,
635 1440 684 1508 25,
698 1439 734 1494 4:
757 1436 843 1513 ‘Quid
857 1434 961 1505 dicam,
988 1453 1051 1493 eum
1077 1433 1195 1491 Chalcis

114 1538 241 1608 tremuit,
269 1536 378 1595 Thebas
392 1539 529 1595 stetisse?
550 1556 613 1595 eum
631 1536 776 1595 laborauit
789 1540 915 1614 Aegium
939 1545 996 1594 tam
1015 1536 1194 1613 propinquas

113 1640 162 1698 illi
181 1639 284 1697 Patras
306 1640 340 1697 de
361 1648 438 1697 matu
461 1639 538 1698 nihil
557 1641 695 1698 audisse?
726 1641 779 1699 illa
809 1649 891 1699 uasta
920 1640 1086 1710 concussio,
1120 1659 1195 1715 qaae

112 1744 182 1801 duas
200 1744 361 1820 suppressit
376 1742 469 1814 urbes,
497 1743 612 1801 Helieeu
631 1753 660 1800 et
676 1745 777 1814 Bursa,
803 1744 882 1801 actea
899 1744 1024 1818 Aegium
1042 1741 1194 1800 constitit?

112 1844 229 1904 Tertius
251 1844 349 1918 locus,
373 1865 432 1924 quo
455 1865 577 1922 prorsus
599 1845 658 1905 alia
680 1846 833 1906 concussio
857 1849 1118 1918 commemoratur,
1148 1850 1196 1904 esi

112 1949 191 2024 apud
207 1947 341 2007 Tacitum
357 1947 465 2006 annali.
482 1947 535 2020 IV,
557 1952 609 2008 13:
631 1948 786 2026 ‘factaque
800 1958 918 2007 auctore
932 1968 965 2006 aa
988 1948 1040 2026 (se.
1057 1947 1195 2025 Tiberio)

112 2059 228 2108 senatus
251 2049 393 2121 constuite,
419 2059 453 2107 ut
472 2052 588 2108 civitati
609 2048 793 2126 Cibyraticae
814 2052 890 2128 apud
910 2052 1025 2121 Asiam,
1050 2052 1199 2126 Aegiensi

112 2153 191 2230 apud
212 2153 367 2223 Achaiam,
392 2161 469 2210 mata
493 2161 588 2210 tersae
610 2151 774 2232 labefactis,
799 2151 1001 2211 subueniretur
1022 2154 1194 2211 reutissiaue

113 2253 216 2313 tributi
236 2258 266 2314 iu
290 2254 465 2312 triennium?
509 2255 554 2314 De
573 2254 702 2315 Senecae
724 2255 788 2315 loco
808 2254 938 2316 dubitari
960 2259 1067 2331 potest,
1090 2259 1194 2314 utrum

114 2361 211 2418 terrae
233 2363 330 2419 motus
353 2357 404 2437 qui
427 2357 504 2432 Aegi
535 2356 636 2416 evenit
664 2357 742 2416 idem
771 2358 824 2431 sit,
857 2357 909 2438 qui
932 2357 1061 2417 Senecae
1092 2361 1192 2418 aetate

112 2461 209 2520 iectus
232 2465 291 2534 est,
321 2479 359 2519 an
381 2459 423 2533 is,
456 2479 544 2540 quem
566 2458 722 2519 Lucretius
744 2465 970 2533 commemorat,
1002 2460 1052 2520 vel
1073 2467 1108 2519 ut
1130 2460 1191 2519 alia

115 2563 201 2622 modo
217 2563 331 2643 loquer,
354 2566 454 2622 uirum
469 2562 581 2623 Seneca
596 2562 685 2622 etiam
707 2565 785 2622 haue
807 2562 945 2622 notitiam
968 2579 1007 2619 ex
1029 2582 1082 2621 suc
1104 2563 1192 2622 fonte

114 2657 281 2741 sumpserit,
304 2685 343 2724 an
364 2665 429 2742 ipse
452 2665 600 2724 adiecerit.
645 2662 685 2725 Et
706 2684 738 2724 re
753 2683 825 2726 vera
841 2663 892 2737 VI,
911 2669 937 2737 1,
960 2669 995 2722 13
1019 2663 1191 2724 concussio-

113 2787 166 2826 nes
189 2785 265 2846 quae
287 2771 383 2828 aetate
402 2784 455 2826 sua
470 2765 648 2841 acciderunt,
670 2766 820 2828 laudavit:
842 2768 927 2844 ‘Asia
943 2765 1088 2824 duodecim
1105 2765 1193 2824 ardes

112 2870 201 2929 simul
212 2871 342 2945 perdidit
362 2869 455 2949 (quod
469 2888 549 2927 anna
570 2868 605 2927 17
628 2888 657 2945 p.
674 2869 741 2929 (ihr.
758 2889 787 2929 n.
804 2869 915 2930 factum
938 2887 1002 2929 esse
1017 2868 1137 2929 Tacitus
1158 2868 1193 2927 in

113 2971 221 3031 annall.
238 2973 279 3045 II,
295 2973 334 3031 47
359 2970 472 3048 narrat)
482 2971 511 3049 ⁹)
534 2989 609 3030 anua
629 2973 730 3047 praere
744 2974 773 3029 in
789 2972 932 3029 Achaiam
947 2979 976 3028 et
989 2970 1191 3029 Macedoniam

113 3093 296 3152 quaecuuque
323 3084 367 3132 est
393 3077 450 3133 asta
472 3075 516 3132 uss
539 3073 611 3131 mali
631 3075 772 3144 cucurrit,
805 3092 877 3151 quae
904 3092 979 3132 nuuc
1003 3074 1191 3149 Campaniam

114 3172 278 3253 laesit'10).
307 3176 424 3236 ¹Nihilo
455 3175 551 3236 secius
581 3193 645 3251 cap.
662 3179 701 3233 25
732 3175 962 3237 Posidonianam
991 3174 1192 3235 eruditionem

112 3279 230 3349 seddim
252 3297 319 3338 eum
335 3278 415 3338 enim
431 3279 467 3338 de
482 3278 538 3338 hac
552 3296 585 3337 re
607 3277 761 3354 scripsisse
783 3279 971 3357 perspicuum
995 3282 1094 3338 estex
1109 3278 1192 3339 Stra·

112 3384 191 3442 bane
212 3382 230 3440 I
251 3400 279 3457 p.
298 3381 379 3441 600.

182 3605 208 3663 9)
227 3603 259 3650 ci.
277 3603 385 3651 Plinium
403 3604 434 3650 N.
447 3603 480 3651 H.
499 3601 540 3663 ΙΙ,
560 3605 625 3652 200:
651 3603 788 3668 ‘Maxumas
812 3608 893 3650 terrae
917 3603 1033 3650 memoria
1053 3601 1192 3648 mortalium

111 3689 202 3736 sustitit
225 3696 302 3736 motus
323 3688 406 3736 actea
422 3687 537 3736 Caesaris
549 3688 693 3750 pmismpatu
706 3689 761 3735 XII
772 3688 871 3736 urbibus
889 3689 965 3737 Asiae
982 3705 1031 3735 uua
1048 3696 1114 3736 uaete
1128 3703 1190 3750 pra·

113 3773 210 3821 stratis!
245 3775 308 3822 Vide
326 3775 400 3822 etism
418 3789 481 3834 quse
498 3775 664 3836 Nipperdeius
682 3775 777 3823 monuit
793 3774 825 3822 ad
843 3775 901 3822 Tac.
920 3775 1014 3822 annali.
1034 3776 1067 3833 11,
1085 3777 1127 3822 47.

183 3861 225 3921 10)
249 3861 319 3909 Haec
336 3861 465 3910 concussio
484 3862 569 3909 evenit
593 3858 721 3926 [Memmio]
739 3861 829 3921 Remulo
852 3867 875 3907 et
897 3861 1008 3920 Vespima
1027 3860 1109 3923 [liufo]
1127 3873 1189 3906 οοοι.

111 3947 180 3995 acuis
205 3946 344 3994 Fetraasiis
368 3946 433 4010 [Sen.
452 3946 503 4006 vt,
527 3951 555 4005 1,
575 3946 598 4008 2]
625 3961 687 4006 quos
711 3948 826 3995 consules
851 3946 927 3994 fuisse
949 3946 1008 3994 anni
1027 3948 1058 3995 63
1084 3961 1109 4006 p.
1128 3945 1188 3993 Chr.

112 4033 211 4080 Tacitus
229 4037 254 4081 st
270 4033 456 4094 chorographus
473 4031 531 4079 anni
549 4033 600 4080 sat
617 4036 746 4080 testantur.
781 4031 877 4079 Eodem
894 4045 960 4079 anno
978 4031 1074 4079 Seneca
1092 4035 1188 4079 sextum

112 4117 202 4173 librum
220 4120 251 4166 N.
265 4118 296 4179 Q.
314 4118 413 4180 scripsit
430 4117 484 4184 (VI,
505 4119 527 4177 1,
548 4114 598 4180 13).
