2616 4582
515 304 707 368 ..3.-

159 459 198 516 In
208 456 263 518 hac
275 459 431 519 Lucretius
443 457 563 519 disserit
577 459 613 517 de
627 463 724 519 terrae
739 459 868 519 motibus
884 458 946 537 (vv.
960 460 1150 538 sas-607),

70 560 110 618 de
125 563 232 619 natura
246 561 343 634 maris,
361 563 440 641 quod
455 580 607 640 nunquam
624 566 765 636 augeatur
781 561 965 639 (eol—39),
985 563 1021 622 de
1037 566 1151 624 Aetnae

71 662 283 739 eruptionibus
299 662 360 741 (vv.
375 662 566 740 ess-702),
590 663 696 723 deinde
712 682 790 723 novo
805 664 958 739 prooemio
973 664 1151 740 interposito

72 764 254 843 (702-11)
277 767 312 824 ds
334 765 405 825 Nilo
428 765 617 843 (711-38),
649 765 685 823 de
707 765 773 824 lacu
796 767 916 825 Averno
947 765 1152 844 (738—840),

71 867 113 925 de
141 886 220 947 aqua
249 873 421 944 puteorum,
455 887 531 948 quae
561 872 672 927 aestate
700 866 838 942 frigidior
867 868 907 928 sit
936 888 1023 949 quam
1053 869 1152 928 hieme

70 969 259 1047 (oso-48),
279 971 315 1029 de
326 971 410 1031 fonte
427 971 504 1046 apud
521 969 696 1028 Hammonis
711 969 814 1027 fanum
830 970 887 1030 sito
903 969 964 1047 (vv.
981 971 1151 1050 asa-79),

71 1072 112 1130 de
133 1073 217 1132 fonte
232 1073 392 1132 Dodonaeo
416 1072 621 1151 (sta-905),
645 1072 681 1130 de
702 1077 840 1147 magnete
864 1073 1090 1151 (eos-1090),
1116 1075 1152 1132 de

70 1176 245 1234 morborum
267 1192 357 1235 causa
378 1173 626 1253 (loco-1137),
657 1174 785 1254 denique
808 1175 844 1233 de
866 1180 950 1251 peste
972 1176 1152 1237 Atheniensi

73 1276 326 1355 (lost-1285).

163 1377 293 1442 Quarum
308 1399 405 1438 rerum
422 1379 600 1455 discipulum
616 1378 853 1438 strenuissimum
875 1379 973 1456 ipsum
995 1380 1071 1440 nihil
1093 1381 1151 1442 nisi

72 1480 199 1557 Epicuri
222 1501 324 1541 causas
345 1482 480 1541 attulisse
503 1483 622 1541 credere
644 1500 776 1560 nequeo,
801 1500 900 1562 neque
922 1482 1063 1557 magister
1087 1483 1151 1563 qui·

71 1585 158 1656 dem,
189 1587 223 1643 ut
251 1584 364 1644 assecla
392 1583 503 1642 nullam
533 1583 620 1642 aliam
649 1582 796 1643 rationem
824 1602 913 1662 quarn
939 1584 1004 1661 ipse
1033 1585 1152 1661 diceret,

71 1668 248 1763 postulavit,
271 1686 342 1766 quic
363 1686 428 1762 ipse
450 1704 568 1762 semper
589 1706 648 1745 nen
672 1689 768 1744 certas
789 1685 922 1745 rationes
944 1686 1077 1761 protulit,
1101 1688 1151 1747 sed

72 1788 206 1849 scribere
227 1788 341 1849 solebat
363 1789 451 1848 etiam
474 1788 547 1848 alias
562 1807 664 1847 causas
686 1807 785 1847 rerum
806 1806 870 1847 esse
892 1805 987 1863 posse,
1012 1807 1085 1867 quas
1101 1808 1154 1849 ne·

73 1890 176 1962 sciret,
198 1894 229 1949 et
243 1890 341 1948 insani
357 1909 421 1949 esse
436 1909 526 1948 unam
541 1894 575 1950 ut
589 1909 690 1949 veram
712 1889 856 1966 profiteri.
901 1889 1011 1947 Mirum
1034 1910 1153 1971 quoque

70 1993 163 2065 foret,
186 1991 211 2050 si
233 1991 397 2068 Epicureus
419 1993 498 2076 ullus
520 1992 578 2051 iam
602 1997 690 2051 antea
712 1993 747 2050 de
769 1992 875 2051 iisdem
898 1992 987 2051 rebus
1007 1993 1153 2069 omnibus,

72 2097 114 2155 de
128 2094 237 2173 quibus
251 2093 416 2169 Lucretius,
439 2096 540 2154 eadem
556 2095 759 2175 quaesivisset,
783 2113 908 2173 quorum
931 2114 1094 2175 numquam
1115 2115 1154 2154 ne

71 2195 235 2272 vestigium
257 2195 377 2275 quidem
400 2204 549 2258 servatum
572 2201 625 2256 est.
670 2195 756 2260 Quod
778 2196 803 2256 si
824 2200 998 2273 reputamus
1028 2198 1154 2258 fortasse

73 2299 293 2376 suspicabimur
321 2302 437 2375 poetam
469 2298 558 2357 alium
582 2317 702 2378 quoque
723 2298 838 2358 fontem
859 2298 1031 2358 adhibuisse
1053 2301 1090 2359 ad
1113 2300 1154 2359 al-

73 2408 172 2464 teram
193 2401 262 2461 libri
278 2400 323 2460 VI
341 2405 456 2477 partem
479 2401 728 2477 componendam,
760 2419 856 2481 neque
879 2400 1000 2460 crimini
1022 2403 1050 2461 ei
1073 2401 1155 2462 dabi-

74 2524 157 2578 mus,
189 2505 269 2583 quod
291 2507 429 2563 strenuus
452 2502 623 2579 philosophi
651 2502 763 2562 assecla
789 2503 944 2577 nonfuit,
977 2522 1156 2584 quamquam

76 2606 243 2669 doctrinam
266 2625 347 2665 suam
370 2625 409 2664 ex
430 2605 607 2682 placitorum
630 2607 666 2666 de
688 2606 777 2665 rebus
798 2605 985 2666 naturalibus
1006 2605 1154 2681 florilegio

78 2711 207 2792 quodam
230 2709 287 2768 sibi
310 2708 436 2784 paravit.

163 2811 235 2870 Tale
257 2816 355 2871 autem
376 2809 556 2885 florilegium
579 2811 607 2868 ei
630 2811 662 2868 in
685 2809 820 2869 manibus
841 2810 934 2869 luisse
957 2809 1058 2883 credo,
1088 2829 1154 2869 curn

76 2915 141 2976 Nili
164 2913 368 2972 inundationis
389 2913 521 2973 rationes
537 2912 709 2990 explicaret,
734 2931 858 2990 quarum
873 2911 1038 2971 Woltierus
1053 2931 1155 2971 rursus

77 3037 144 3095 pag.
162 3020 222 3074 153
245 3015 398 3075 contendit
412 3015 574 3092 Epicurum
596 3015 710 3074 fontem
732 3014 824 3072 fuisse
846 3012 937 3092 idque
959 3033 1021 3072 non
1044 3031 1082 3072 ex
1096 3013 1156 3072 alia

78 3138 181 3192 cansa,
209 3117 272 3177 'nisi
294 3119 373 3196 quod
396 3117 599 3178 Democritum
622 3120 658 3177 de
680 3117 750 3175 Nilo
780 3115 932 3192 scripsisse
962 3134 1001 3175 ex
1022 3115 1154 3177 Diodoro

76 3222 104 3296 Ι,
122 3226 178 3295 39,
201 3220 290 3281 Aetio
313 3219 436 3297 (Dieles.
459 3218 596 3296 doxogr.)
618 3220 671 3293 IV,
693 3223 769 3291 1,4,
799 3217 866 3277 aliis
888 3218 1078 3279 manifestum
1100 3225 1155 3293 est,

78 3324 162 3386 cuins
179 3321 357 3384 sententiam
367 3325 467 3398 -poeta
488 3321 521 3379 in
535 3341 584 3382 vv.
598 3321 745 3380 729-34
761 3321 916 3397 receperit.
961 3319 1056 3384 Quam
1072 3321 1155 3381 Wol-

77 3425 148 3485 tieri
177 3424 354 3483 sententiam
377 3424 502 3484 multum
524 3426 678 3484 aberrasse
700 3443 718 3482 a
738 3442 810 3484 vero
833 3424 1040 3503 unusquisque
1062 3423 1154 3484 videt.
1238 3441 1258 3451 '⁸

78 3526 175 3586 Miror
202 3525 298 3599 enim,
329 3527 408 3605 quod
430 3526 463 3584 in
486 3526 623 3586 omnibus
651 3527 746 3587 literis
768 3525 900 3604 antiquis
922 3527 1011 3586 huius
1032 3526 1156 3604 Epicuri

57 3629 232 3689 'doctrinas
262 3647 318 3688 nec
344 3628 413 3688 vola
441 3646 506 3688 necv
524 3628 693 3704 vestigium,
738 3627 894 3687 Lucretius
925 3628 1088 3689 sententias
1119 3630 1155 3687 de

77 3729 325 3791 inundationibus
340 3732 427 3790 affert
446 3751 496 3792 vv.
510 3728 656 3789 715-24
675 3730 815 3804 Thaletis,
840 3730 985 3788 724-29
1003 3730 1154 3808 anonymi,

81 3831 227 3892 tae-35
251 3832 448 3906 Callisthenis,
473 3833 618 3891 735-38
643 3836 838 3908 Anaxagorae
861 3836 892 3892 et
912 3831 1046 3891 aliorum.
1081 3832 1154 3891 Cum

79 3934 118 3995 iis
144 3933 294 3996 consentit
315 3935 498 4011 Pomponius
520 3934 600 3993 Mela
627 3934 652 4009 1,
666 3940 714 4014 ,53
738 3935 779 4012 (p.
796 3938 843 4008 18,
861 3939 878 3992 6
902 3933 1070 4012 Parthey.),
1103 3934 1156 4014 qui

79 4038 137 4098 hoe
160 4036 279 4110 ordine,
302 4035 448 4097 Herodoti
470 4037 586 4096 ratione
608 4037 731 4108 adiecta,
754 4041 889 4097 auctores
911 4037 1012 4096 affert:
1034 4040 1156 4096 Anaxa·

81 4158 192 4217 goram,
203 4140 397 4213 Herodotum,
410 4138 630 4213 Callisthenem,
642 4139 803 4213 Thaletem,
815 4158 1005 4216 anonymum.
1028 4139 1084 4201 Vv.
1094 4138 1153 4197 715

913 4232 961 4299 pu

1235 4264 1300 4407 1
