2616 4582
468 254 681 319 ..45-

39 407 126 466 donio
151 412 286 481 sumptus
308 410 355 482 sit,
378 431 438 470 non
462 412 573 485 dubito,
598 413 668 492 quia
688 413 790 472 fabula
813 415 848 471 de
865 413 981 490 Alpheo
1004 416 1111 475 iterum
1173 462 1177 468 .

36 509 191 570 invenitur
206 513 283 587 apud
298 512 440 572 Senecam
457 515 514 587 III,
533 520 581 588 26,
599 521 626 572 5.
671 516 864 575 Posidonium
887 535 951 575 eam
967 517 1113 576 refellisse

37 611 95 670 iam
119 613 200 672 illius
222 616 328 674 verba:
352 617 425 693 ,rude
447 619 543 693 opr'm'o
566 618 619 675 εντ’
644 619 846 678 demonstrare
869 620 941 677 mihi
963 620 1112 680 videntur.

38 715 143 775 Paullo
172 722 240 793 post
260 719 366 778 Strabo
396 720 511 796 pergit:
541 717 718 779 ἐπιτείνουσι
740 716 772 778 ii
795 715 847 796 τὴν
870 716 1009 796 τοιαύτην
1031 741 1111 798 τερα-

39 817 174 896 τολογίαν
196 816 228 877 οἱ
246 814 298 878 τόν
320 813 444 880 Ἰνωιτόν
467 819 508 891 εἰς
527 823 625 898 Δῖγλον
649 820 680 882 ἐκ
704 823 758 880 τοῦ
782 822 891 881 Νείλου
914 826 1112 900 περαιοῦντες.

40 911 177 992 Ἀλφειιίν
201 916 232 980 δὲ
257 921 371 992 Ζωίλος
393 914 411 982 ὅ
434 917 531 1002 ῥήτωρ
562 922 592 984 ίν
614 927 655 1007 τῷ
683 922 825 982 Τενεδίων
855 922 990 1007 ἐγκωμίῳ
1021 923 1112 1001 φησὶν

39 1018 72 1080 ἐκ
93 1019 218 1082 Τενέδου
241 1022 311 1103 ῥεῖν,
335 1016 353 1083 ὅ
373 1018 426 1085 τόν
439 1019 577 1104 Ὅμηρον
599 1024 702 1107 ψέγων
726 1019 766 1096 οῖς
788 1019 999 1104 μνθογροίφον.
1031 1020 1112 1104 Ἴβυ-

40 1117 94 1195 aig
117 1121 149 1184 di
170 1119 222 1184 τόν
245 1124 276 1185 ἒν
299 1129 432 1187 Σικυῶνι
452 1121 588 1188 Ἀσωτιὸν
615 1127 647 1189 ἐκ
673 1130 807 1208 Φρυγίας
834 1127 897 1207 ῥεῖν
923 1147 1007 1205 φησι.
1051 1129 1113 1207 βελ-

39 1225 110 1286 τίων
133 1220 159 1286 δ’
181 1220 347 1302 Ἑκαταῖος,
377 1225 410 1299 ὅς
433 1247 506 1306 φησι
528 1225 582 1289 τόν
604 1229 635 1290 ἐν
657 1237 719 1301 τοῖς
740 1224 930 1308 Ἀμφιλόχοις
943 1223 1059 1307 Ἴναχον
1082 1231 1115 1292 ἐκ

39 1331 94 1389 τοῦ
118 1333 251 1407 Λακμοῦ
272 1329 393 1409 ῥέοντα,
422 1330 451 1404 ἒξ
474 1319 511 1392 οὗ
535 1330 586 1391 καί
609 1326 627 1391 ὅ
649 1333 727 1403 Α’ίας
749 1331 808 1411 ῥεῖ,
840 1331 938 1411 ἕτερον
961 1325 1038 1392 εἶναι
1059 1337 1113 1392 τοῦ

39 1424 230 1512 Ἀργολικοῦ,
264 1430 443 1511 ὠνομάσθαι
467 1429 492 1494 δ’
514 1429 574 1495 sirei
597 1429 776 1514 Ἀμφιλόχου
806 1438 858 1495 τοῦ
880 1435 930 1495 καὶ
952 1430 1007 1513 τήν
1028 1432 1113 1497 ιτόλιν

38 1528 151 1616 ’Ἄργος
171 1530 380 1614 Ἀμφιλοχικιίν
402 1536 592 1609 καλέσαντος·
624 1543 729 1599 τοῦτον
757 1534 809 1614 μὲν
832 1526 887 1597 οὖν
910 1526 999 1609 οὗτός
1021 1557 1113 1616 φησιν

40 1637 81 1710 είς
96 1633 148 1700 τόν
164 1632 305 1722 Ἀχελῷον
322 1635 480 1718 ἐκβάλλειν,
504 1635 556 1701 τόν
573 1637 605 1702 δὲ
622 1640 738 1700 Αίαντα
762 1638 803 1711 εἰς
824 1633 1021 1700 Ἀιιολλωνίαν
1038 1636 1114 1719 ιτριίς

38 1735 126 1802 ιλιίσιν
156 1741 226 1820 ῥεῖν.
279 1744 392 1804 Similia
421 1743 536 1803 Plinius
567 1744 608 1802 ait
637 1742 752 1821 §229:
786 1755 823 1822 ,ct
854 1749 883 1801 ιἰι
915 1747 982 1802 Delo
1017 1747 1112 1802 ιἰωιιλιι

40 1847 145 1924 inopus
159 1846 233 1925 sons
255 1846 348 1903 codem
371 1866 424 1923 γαο
442 1847 528 1904 Nilus
551 1848 632 1903 modo
655 1865 690 1904 ιιο
709 1850 823 1923 puriter
844 1866 906 1903 cum
923 1867 955 1904 eo
977 1849 1115 1904 decrescit

41 1949 224 2025 angeturce.'
267 1950 307 2007 Et
329 1948 441 2008 Seneca
463 1949 495 2006 in
518 1968 580 2025 cap.
598 1954 637 2006 26
662 1949 896 2025 expositionem,
920 1969 971 2009 eur
992 1951 1117 2008 flumina

40 2155 56 2216 ξ
77 2157 92 2202 5
111 2155 207 2214 reliqua
225 2155 303 2201 latera
320 2153 405 2213 paucis
423 2153 532 2201 absolvit
559 2158 583 2201 et
606 2155 632 2200 in
651 2159 768 2212 sequente
787 2155 817 2201 de
834 2155 915 2202 media
937 2156 1037 2215 regione
1056 2154 1114 2203 Siei-

38 2241 89 2288 liae
107 2241 228 2288 disserere
245 2239 338 2299 incipit,
357 2240 387 2286 de
404 2239 493 2286 Henna
511 2241 647 2299 ceterisque
666 2240 770 2302 oppidis,
789 2241 894 2298 denique
913 2242 1004 2289 servile
1022 2241 1113 2289 bellum

39 2326 151 2374 breviter
163 2327 268 2387 attingit.
294 2326 323 2372 Iu
336 2339 360 2384 p.
372 2327 420 2374 273
434 2325 503 2372 initio
516 2340 615 2373 eausam
628 2327 680 2374 eius
690 2326 748 2373 belli
761 2327 840 2386 affert,
855 2327 920 2386 quod
933 2342 963 2373 ex
975 2328 1115 2388 philosophi

40 2413 205 2472 Apameensis
228 2413 326 2472 seriptis
352 2425 407 2458 eum
431 2412 531 2459 novisse
550 2413 756 2460 verisimillimum
774 2417 824 2470 est,
851 2427 905 2459 cum
923 2413 1065 2460 Athenaeus
1089 2415 1114 2480 ip

40 2512 65 2558 p.
79 2499 155 2546 assa
174 2513 204 2545 ex
222 2499 307 2547 eodem
325 2498 392 2546 bella
411 2499 513 2546 servilia
530 2499 643 2557 interque
661 2513 691 2544 ea
703 2499 767 2557 quod
780 2499 885 2545 Romani
904 2512 958 2545 eum
972 2499 1043 2545 Eune
1061 2515 1114 2558 ges-

41 2589 143 2642 serunt,
170 2584 285 2631 hauserit.
322 2586 351 2631 ln
370 2586 418 2632 fine
436 2585 585 2645 paragraphi
603 2584 675 2645 huius
693 2598 777 2631 rursus
797 2599 855 2632 suae
873 2586 960 2632 aetatis
976 2600 1016 2632 res
1034 2591 1116 2646 gestas

41 2670 110 2717 etin
129 2670 144 2730 ᾖ
164 2672 177 2717 ’ί
205 2671 355 2717 fertilitatem
379 2671 473 2718 insulae
491 2671 590 2728 laudat,
618 2670 705 2718 deinde
723 2670 881 2718 Posidonium
899 2671 1010 2717 meminit
1026 2673 1117 2718 dixisse

41 2755 72 2802 de
91 2754 189 2801 arcibus
207 2754 336 2816 Syracusis
355 2761 380 2804 et
396 2756 483 2816 Eryce.
519 2756 548 2802 In
567 2754 597 2816 ἐξ
614 2757 629 2803 8
647 2761 671 2803 et
689 2758 703 2804 9
723 2756 752 2802 de
769 2756 850 2803 Aetna
867 2761 892 2802 et
909 2755 1030 2804 Nebrodis
1047 2771 1116 2804 mon·

41 2841 108 2889 tibus
127 2841 292 2888 narrationem
310 2841 465 2901 persequitur
484 2855 551 2899 eam,
569 2855 642 2900 quam
661 2841 788 2889 incohavit
806 2843 831 2888 in
850 2843 955 2902 paginae
973 2844 1021 2889 269
1039 2843 1117 2889 initio.

42 2929 117 2975 Illam
140 2928 214 2986 igitur
239 2941 269 2974 ex
287 2928 372 2975 eodem
390 2926 457 2974 fonte
475 2928 590 2986 fluxisse,
616 2928 680 2974 unde
704 2928 766 2975 haee
788 2929 848 2975 mihi
873 2929 984 2988 persuasi
1008 2931 1117 2989 exceptis

41 3027 132 3074 nempe
156 3027 218 3072 quae
241 3013 316 3060 tradit
340 3014 369 3060 de
387 3013 482 3061 Aetnae
507 3028 610 3062 ascensu
633 3028 677 3060 sua
702 3019 782 3060 aetate
806 3013 882 3071 facto,
910 3015 1039 3074 praecipue
1062 3028 1116 3061 eum

43 3099 179 3156 Orontem,
198 3100 339 3158 Tigridem,
357 3100 448 3157 Nilum,
468 3099 606 3157 Erasinum,
625 3093 730 3160 Aseam,
749 3101 879 3146 Timavum
897 3114 927 3146 ex
946 3099 1076 3147 Posidonio
1095 3101 1118 3147 ei

10 3212 14 3221 =
42 3192 115 3234 notos
134 3187 210 3234 fuisse
228 3187 396 3233 demonstrare
414 3189 487 3232 antea
505 3185 686 3245 temptaverim.
722 3185 799 3231 Porro
818 3185 906 3231 mirum
924 3191 1041 3244 quantum
1060 3199 1116 3232 con·

10 3276 13 3293 ¹
44 3272 137 3320 sentire
161 3272 221 3318 mihi
239 3271 354 3318 videntur
372 3271 451 3318 verba
476 3285 538 3329 quae
564 3276 661 3318 exstant
679 3272 708 3318 de
726 3272 817 3318 mundo
834 3271 870 3316 VI
886 3285 911 3330 p.
926 3272 999 3319 4002
1017 3274 1064 3320 31:
1090 3269 1116 3321 αἱ

43 3354 74 3410 δὲ
100 3352 216 3423 (φλόγες)
242 3352 323 3418 πρός
349 3353 495 3418 ἑσπέραν
524 3352 554 3407 ἐκ
579 3354 629 3420 γῆς
655 3350 831 3421 sospitatem
856 3353 900 3406 καλ
926 3352 1116 3418 ἐκφνοτὶσασαι,

43 3437 163 3505 καθάπερ
188 3441 238 3492 τῶν
264 3438 289 3493 ἐν
317 3440 393 3509 Αλτνῃ
420 3434 555 3505 κρατήρων
580 3435 769 3507 ἀναρραγέντων
789 3478 899 3490 .....
926 3447 950 3489 et
974 3442 1116 3490 Strabonis:

44 3524 178 3591 νιίκτωρ
204 3523 249 3591 μὲν
275 3514 320 3578 oris
345 3524 391 3578 καλ
415 3526 499 3592 φέγγη
525 3525 642 3592 φαίνεται
666 3522 768 3592 λαμπροὶ
792 3524 821 3577 ἐκ
839 3525 886 3589 τῆς
904 3525 1031 3592 κορυφῆς,
1060 3523 1118 3593 μεθ’

44 3607 145 3678 ἡμέραν
163 3609 193 3664 δὲ
210 3609 298 3679 καπνῷ
324 3610 369 3663 καλ
385 3606 461 3679 cipitia
479 3609 620 3679 κατέχεται.
656 3614 770 3672 Denique
796 3614 957 3673 Liparearum
983 3615 1117 3660 insularum

43 3700 194 3747 mentionem
213 3698 271 3745 iacit
287 3699 313 3744 in
331 3699 363 3759 ξς
384 3701 415 3746 10
433 3704 458 3746 et
477 3701 505 3746 11
527 3704 551 3746 et
569 3699 599 3745 de
617 3700 787 3758 eruptionibus
804 3699 928 3758 loquitur,
952 3699 1050 3760 Polybii
1067 3714 1117 3746 me·

44 3786 125 3833 moria
142 3785 275 3832 interiecta,
312 3783 424 3830 Alterum
442 3785 534 3831 fontem
552 3784 641 3844 igitur,
666 3798 715 3842 quo
733 3789 829 3844 praeter
847 3784 979 3844 Polybium
996 3798 1054 3832 usus
1073 3790 1118 3844 est,

45 3887 77 3920 ex
96 3885 144 3930 quo
161 3871 268 3930 plurima
286 3869 374 3929 capitis
392 3870 417 3915 II
434 3874 609 3927 manaverunt,
629 3870 803 3929 philosophum
821 3870 895 3918 luisse
913 3874 1027 3930 apparet,
1053 3871 1118 3929 quod

44 3959 70 4005 in
90 3959 104 4018 ξ
120 3959 148 4003 11
169 3957 200 4002 de
218 3957 299 4003 insula
317 3955 381 4002 inter
392 3955 519 4002 Himeram
532 3960 557 4002 et
568 3955 723 4015 Euonymum
736 3960 790 4002 orta
808 3971 862 4002 eum
880 3957 963 4003 laudat
981 3961 1118 4003 otrentum

47 4043 205 4102 eruptionum
228 4055 327 4088 eausam
351 4055 404 4088 ease
433 4046 457 4088 et
474 4042 569 4088 Aetnae
588 4045 613 4088 et
630 4041 748 4087 montium
766 4041 791 4088 in
808 4041 880 4088 Aeoli
903 4041 991 4088 insulis
1016 4041 1117 4088 sitorum

46 4130 119 4177 docet
137 4128 224 4175 eadem
242 4129 345 4187 ratione,
363 4141 412 4185 qua
429 4132 514 4174 auctor
531 4126 590 4174 libri
606 4123 664 4189 napi
682 4122 781 4189 κόσμου
800 4126 834 4172 IV
852 4140 876 4186 p.
890 4126 965 4174 asab
986 4128 1016 4173 18
1028 4140 1082 4185 sqq.
