2616 4582
508 271 721 337 ..15-

73 431 190 489 motum
214 446 318 506 capere
341 446 513 505 percussum
542 427 644 506 alique
672 433 757 503 parte
785 424 884 486 subito
914 425 1077 486 decidente.
1122 423 1154 483 Si

72 528 236 605 recipimus
259 529 452 590 certissimam
475 528 643 588 Hermanui
666 528 866 588 coniecturam
893 523 937 612 ιἐν
960 527 1014 585 τοῦ
1036 524 1154 584 πίπτειν

74 624 201 706 ἐδάφη,
232 632 306 691 haec
327 633 420 694 verba
441 636 556 708 partem
586 634 683 690 terrae
711 630 809 690 subito
833 630 1016 689 decidentem
1040 628 1153 704 signifi-

75 736 160 804 cant,
193 735 243 792 sed
274 733 445 793 coniunctio
471 724 515 817 ‘sl'
541 739 610 792 ante
636 729 691 816 ‘sic
713 725 793 808 ἄντρ.
817 723 890 789 τόπ.’
917 732 1080 811 omittenda
1109 736 1155 791 est

73 839 181 910 utpote
203 853 242 894 ex
264 835 466 911 dittographia
496 845 569 895 orta.
614 834 821 892 Fundamenta
848 831 941 907 igitur
970 833 1003 891 in
1025 834 1155 894 subcava

74 937 143 996 loca
165 937 319 1011 decidunt,
344 938 415 1017 quid
439 942 538 997 antem
561 941 591 996 et
613 937 693 995 uude
714 939 869 996 moveatur
891 936 1023 994 nondum
1046 940 1153 995 exstat.

74 1038 208 1098 Senecae
230 1039 331 1100 verbis
360 1040 467 1098 iterum
497 1038 529 1097 in
552 1037 696 1121 auxilium
718 1037 833 1098 vocatis
855 1023 1003 1097 contendo
1027 1039 1154 1096 Ambro-

75 1141 155 1201 sium
176 1146 257 1201 recte
279 1141 387 1216 legisse
409 1132 436 1226 ‘o‘
457 1136 654 1216 πεπιλημένος
676 1130 759 1217 ἆηρί
783 1143 833 1197 adr
848 1141 902 1198 sub
918 1143 998 1199 terra
1014 1141 1154 1199 densatus

74 1242 280 1304 fundamentis
308 1244 340 1301 in
361 1243 428 1302 loca
455 1245 584 1303 subcava
607 1241 811 1302 decidentibus
840 1241 1005 1316 percutitur
1034 1245 1064 1300 et
1084 1240 1155 1299 inde

10 1346 18 1351 ’
75 1351 192 1406 motum
215 1346 303 1423 capit.
347 1345 431 1404 Haeo
452 1346 546 1406 verba
568 1345 741 1426 ,percutitur
763 1337 854 1422 e.q.s.'
876 1341 909 1400 in
929 1343 1054 1402 vocibus
1077 1361 1154 1422 quae

75 1452 195 1509 restant
219 1445 263 1531 ,dn
286 1440 472 1522 πνενμάτων’
499 1447 646 1506 contineri
676 1447 763 1505 credo
793 1464 892 1524 neque
921 1444 1024 1504 dubito
1054 1463 1153 1503 emen·

76 1550 149 1608 dare
180 1550 213 1608 in
244 1551 323 1609 hunc
352 1550 470 1608 modum
497 1541 818 1632 ιἐιιπνεομοιτοῦττιίθ).
868 1546 975 1626 Itaque
1007 1547 1154 1623 Epicurus

77 1650 206 1710 dixeritt
241 1646 302 1735 ,ccl
324 1644 357 1710 cd
380 1652 498 1726 πνεῦμα
525 1651 613 1708 τοῦτο
643 1641 799 1724 ἢὲξωθεν
828 1642 1112 1727 ἐμπεριλαμβάνεται
1135 1642 1156 1727 ἢ

77 1748 112 1812 ἔτι
133 1754 187 1812 τοῦ
210 1753 328 1812 πίπτειν
350 1748 448 1829 ἐδάφη
471 1749 513 1822 εἰς
536 1745 718 1830 ἀντροειδεῖς
740 1745 854 1820 τόπους
882 1752 936 1827 τῆς
958 1754 1012 1831 γῆς
1034 1749 1155 1811 ἐκπνεο-

77 1855 225 1932 aaronitas
246 1847 264 1915 ὅ
285 1851 483 1932 πεπιλημένος
505 1848 576 1933 drip'
602 1853 796 1913 Aristotelem
827 1859 945 1913 secutus
975 1855 1027 1931 qui
1055 1856 1156 1915 docuit

76 1958 232 2018 meteorol.
246 1959 324 2032 11,4
348 1979 376 2035 p.
394 1963 483 2018 360a
506 1962 546 2016 32
560 1977 640 2037 sqq.:
666 1954 817 2040 ίιιινηθειή
840 1948 896 2035 γάρ
919 1947 957 2013 dv
979 1949 1056 2014 πολι)
1080 1957 1154 2033 πλῆ-

77 2061 140 2128 θος
161 2052 250 2137 ἀέρος
271 2052 333 2120 siud
355 2080 436 2131 τινος
459 2053 586 2140 μεγάλης
609 2052 765 2131 πτώσεως,
796 2053 854 2117 οὐκ
877 2055 943 2134 ἕχον
965 2051 1061 2137 ἀρχὴν
1083 2053 1155 2118 οὐδὲ

77 2153 195 2240 cero?

166 2265 269 2324 Nihilo
292 2267 390 2326 minus
412 2287 473 2327 non
495 2285 634 2341 magnum
657 2264 770 2324 lucrum
792 2264 917 2323 fecimus
940 2282 979 2322 ex
1000 2263 1065 2323 loco
1084 2265 1155 2323 Ilio-

78 2367 166 2444 genis
189 2374 220 2428 et
241 2370 298 2428 hoc
324 2374 440 2429 tantum
463 2369 490 2427 ei
514 2370 668 2440 debemus,
701 2367 781 2446 quod
812 2366 977 2426 accuratius
1007 2366 1155 2442 exposuit,

79 2471 230 2549 quomodo
248 2479 357 2531 terram
372 2476 464 2530 vento
486 2489 657 2530 concussam
679 2488 744 2527 esse
759 2468 906 2544 Epicurus
928 2468 986 2528 sibi
1009 2469 1155 2530 finxisset.

166 2572 231 2630 Iam
253 2573 316 2634 fere
339 2593 441 2634 omnes
463 2577 582 2649 praeter
604 2571 739 2631 ultimam
768 2571 900 2630 rationes
923 2571 1054 2631 Lucretii
1077 2571 1156 2648 apud

79 2673 245 2750 Epicurum
266 2676 364 2736 locum
385 2675 524 2734 habuisse
547 2673 823 2733 demonstravimus.
868 2676 911 2733 At
925 2672 1018 2732 altero
1033 2678 1155 2734 auctore

79 2795 168 2855 usum
196 2796 261 2837 esse
284 2783 402 2855 poetam
430 2778 462 2836 iu
485 2776 620 2836 doctrina
649 2777 686 2834 de
708 2781 805 2835 terrae
832 2776 962 2835 motibus
989 2776 1159 2835 exhibenda

79 2879 244 2938 contendo!
288 2880 397 2939 Mirum
419 2880 498 2939 enim
521 2881 575 2952 est,
598 2880 678 2957 quod
700 2878 895 2954 philosophus
911 2878 1103 2938 Atheniensis
1127 2883 1157 2938 et

79 2999 192 3060 aquam
214 2988 246 3043 et
268 2983 405 3059 spiritum
428 2989 458 3044 et
479 2986 587 3042 terram
610 2999 713 3040 causas
735 2987 868 3040 motuum
898 3000 962 3041 esse
983 2982 1095 3056 arguit,
1126 2987 1157 3041 et

71 3068 181 3158 'ignem
204 3085 318 3161 ipsum,
342 3085 503 3162 discipulus
525 3088 638 3158 autem,
662 3083 687 3142 si
708 3083 972 3159 praetermittimus
994 3083 1157 3142 Anaxime-

79 3202 154 3244 ueas
177 3186 333 3261 docturus,
358 3206 431 3266 quas
452 3186 511 3246 iam
533 3187 570 3245 ab
593 3192 714 3246 auctore
737 3185 911 3262 disciplinae
934 3190 1068 3261 receptas
1092 3204 1157 3244 esse
1194 3240 1197 3245 .

80 3287 185 3360 negari
208 3290 321 3369 nequit,
344 3291 431 3349 modo
453 3293 577 3350 ventum
599 3307 716 3348 causam
740 3305 804 3348 esse
825 3288 930 3349 voluit
976 3288 1035 3347 Cur
1056 3287 1157 3362 ignem

81 3389 204 3449 omisit?
242 3392 398 3452 Placuitne
420 3392 561 3469 magistro
585 3390 706 3468 ,nullam
729 3392 817 3450 aliam
840 3410 958 3451 causam
980 3408 1043 3449 esse
1066 3389 1159 3448 maio-

79 3510 145 3551 rem
165 3511 253 3571 quam
269 3494 437 3572 spiritum'?
481 3495 566 3566 Sane,
589 3495 641 3552 sed
663 3514 715 3555 eur
736 3497 814 3556 hauc
832 3493 1070 3554 distributionem
1088 3511 1157 3552 con·

57 3594 250 3655 caesionem
266 3597 346 3671 fecit,
369 3597 602 3670 inclinationem,
625 3596 748 3671 hiatum,
772 3597 857 3678 quasi
872 3599 1033 3669 horrorem,
1057 3614 1158 3675 quam-

81 3718 173 3778 quam
201 3699 253 3758 ille
279 3706 377 3760 motus
400 3717 503 3759 causas
532 3699 597 3758 sine
620 3700 723 3758 ordine
745 3699 912 3776 composuit
940 3717 1052 3778 neque,
1082 3715 1158 3777 quae

81 3821 194 3877 genera
214 3804 252 3863 iis
274 3804 476 3876 efficerentur,
498 3798 699 3878 perscrutatus
722 3801 785 3861 est?
828 3802 912 3861 Haec
934 3801 1084 3861 distinctio
1107 3819 1158 3874 ge-

81 3921 189 3962 nerum
212 3905 389 3967 Lucretiena
411 3926 450 3966 ex
472 3906 530 3966 alio
553 3906 638 3964 fonte
662 3906 781 3981 (nempe
803 3923 843 3963 ex
856 3903 1030 3981 Posidonio)
1053 3902 1159 3962 hausta

154 4042 181 4101 8)
199 4043 231 4090 cs.
249 4040 355 4103 Diogen.
372 4041 404 4102 1,
425 4045 488 4091 114:
516 4038 569 4111 ,nal
587 4034 655 4103 παρὰ
673 4034 798 4089 ἔκπτωσιν
816 4027 846 4089 οὗ
864 4029 894 4088 du
912 4033 930 4102 u*
951 4033 1159 4101 ἐκπνευμάτωσις

82 4118 204 4194 γένηται]
221 4122 445 4197 ιἐνιττνειιμιιτοῦτιιι
456 4122 471 4178 ο“
484 4118 545 4191 diip'
557 4124 688 4174 Ps.·Arist.
702 4124 782 4184 probi.
801 4138 825 4184 p.
840 4124 911 4173 asub
931 4125 963 4171 ts
976 4137 1012 4182 sq.
1033 4125 1104 4171 944c
1119 4126 1156 4173 14.

1218 4256 1236 4311 -l
