2616 4582
603 281 794 347 ..2-

248 432 396 501 κλαῦσά
418 459 455 499 τε
478 435 541 498 καὶ
564 432 720 498 adnare
743 431 816 495 idaia
837 427 1036 512 ἆσυνήθεα
1057 434 1153 514 χοῖρον

250 539 328 602 ἔνθα
353 535 453 612 divor
475 561 505 602 τε
529 537 627 611 Κότυς
648 560 678 600 τε
701 536 752 598 καὶ
775 531 869 597 ἄλλων
891 534 982 597 ἔθνεα
1005 539 1117 617 Κηρῶν

246 641 387 723 αἰχμηραὶ
410 664 439 703 τε
461 638 546 704 νόσοι
568 640 620 703 καὶ
642 635 750 718 criptae
772 638 844 720 ἔργα
865 659 896 699 τε
918 633 1035 717 daversi.

162 749 332 808 Eorundem
359 766 499 808 versuum
528 746 618 805 etiam
641 744 798 805 Lucretius
826 742 969 816 meminit,
1000 762 1065 802 cum
1096 743 1243 804 scriberet

161 871 211 912 vv.
230 854 290 909 222
303 870 370 930 sqq.
392 847 462 907 libri
477 848 519 908 V:

291 961 349 1010 tum
367 969 459 1029 porro
479 967 564 1026 puer,
590 956 622 1005 ct
642 949 736 1005 saevis
755 949 902 1023 protectus
923 945 960 1005 ab
983 945 1067 1004 urdr's

289 1055 398 1122 ncor'ta,
423 1051 514 1110 nudus
536 1051 617 1107 hami
637 1052 722 1121 iacet,
749 1047 856 1126 insons,
882 1049 1000 1125 r'trdr'gas
1022 1049 1101 1107 omisi

289 1157 376 1214 ortuli
395 1153 518 1224 aacr'lr'o,
544 1170 605 1209 cum
625 1153 750 1229 primam
772 1154 802 1209 in
824 1151 942 1209 luminis
963 1169 1032 1208 oras

289 1255 405 1316 urbibus
427 1276 464 1312 cc
486 1255 552 1313 aloe
575 1255 675 1311 matris
698 1261 804 1311 natura
823 1251 967 1332 presedit,

289 1361 443 1435 vagituque
465 1357 556 1414 locum
579 1354 699 1431 lugubri
718 1355 849 1431 complet,
874 1363 907 1412 ut
927 1363 1052 1412 accretas!

289 1463 339 1520 cai
359 1468 468 1518 lantum
491 1460 521 1517 in
543 1459 602 1516 vita
624 1464 715 1514 restat
737 1458 863 1514 transire
886 1459 1036 1515 maloram.

162 1561 237 1626 Quis
259 1566 359 1623 autem
381 1560 453 1635 scit,
476 1565 576 1620 utrum
598 1559 683 1618 Sexti
705 1562 808 1617 auctor
829 1557 881 1617 illa
902 1559 1106 1619 tantummodo
1129 1561 1239 1636 Empe-

161 1665 255 1725 doclis
283 1664 391 1736 verba,
422 1682 483 1721 non
505 1662 638 1738 integros
660 1679 763 1720 versus
785 1659 952 1721 laudaverit
973 1693 1015 1704 —
1036 1661 1163 1721 forsitan
1186 1661 1238 1720 alii

161 1785 280 1848 quoque
304 1765 443 1842 Epicurei
470 1763 552 1823 illius
582 1763 713 1822 carmina
743 1761 997 1823 adhibuerint-
1019 1782 1057 1822 an
1079 1764 1237 1824 Lucretius

160 1868 332 1928 memoriam
360 1871 467 1944 poetae
488 1865 680 1942 Agrigentini
709 1883 749 1923 ax
775 1863 870 1940 ipsius
897 1864 1077 1925 carminibus
1104 1884 1238 1943 sumpse-

160 1970 201 2031 rit
210 1967 259 2049 ⁸)?

245 2070 291 2130 De
312 2070 370 2130 hoo
391 2069 484 2146 igitur
505 2070 588 2130 fonte
610 2068 687 2128 nihil
702 2068 774 2128 certi
798 2072 927 2128 statuere
948 2068 1028 2141 licet,
1050 2069 1160 2129 certius
1182 2069 1236 2128 ali-

162 2175 241 2256 quod
263 2174 300 2232 de
315 2171 505 2250 Thucydide3
528 2191 596 2230 nam
620 2171 685 2230 fieri
707 2170 821 2250 nequit,
844 2174 878 2228 ut
892 2170 1039 2246 Epicurus
1062 2172 1236 2250 descriptio-

161 2296 230 2337 nem
252 2274 472 2353 Thucydideam
501 2275 537 2333 de
565 2279 648 2350 peste
670 2269 900 2334 Atheniensium
929 2291 1024 2352 usque
1052 2275 1236 2338 adverbum

74 2368 79 2373 ’
160 2379 292 2455 inopus
320 2357 406 2436 suum
433 2376 478 2436 ita
504 2376 665 2452 receperit,
695 2381 730 2435 ut
752 2373 884 2433 Lucretii
905 2393 1009 2434 versus
1031 2380 1147 2437 tantum
1170 2399 1239 2439 con·

163 2480 244 2541 versi
268 2498 332 2539 esse
354 2478 513 2538 videantur
535 2496 573 2537 ex
587 2478 689 2538 Attico
713 2476 865 2553 scriptore.
908 2475 1068 2537 Praeterea
1082 2479 1240 2541 Lucretius

162 2585 282 2659 praeter
303 2580 524 2659 Thucydideam
555 2580 677 2640 alteram
707 2597 825 2659 quoque
855 2577 1083 2654 descriptionem
1112 2600 1239 2641 comme·

64 2712 67 2717 >
161 2687 265 2757 morat,
287 2682 447 2761 praecipue
469 2682 501 2740 in
523 2703 571 2743 vv.
588 2686 764 2754 1182-96,
788 2699 863 2760 quos
885 2700 951 2740 cum
967 2681 1162 2757 Hippocratis
1185 2685 1238 2743 do·

162 2785 258 2845 ctrina
272 2784 359 2844 valde
374 2783 542 2844 consentire
557 2783 616 2842 iam
632 2783 747 2861 antiqui
763 2783 942 2859 interpretes
957 2783 1097 2844 viderunt
1115 2789 1146 2845 et
1162 2804 1238 2864 quos

162 2886 326 2947 Woltierus
354 2886 463 2946 iterum
485 2886 614 2962 Epicuro
645 2883 759 2945 tribuit.
804 2884 907 2943 Eidem
938 2885 1052 2944 etiamsi
1074 2885 1132 2945 viri
1156 2887 1237 2948 docti

161 2992 306 3060 statuunt,
329 3007 406 3069 quae
426 2987 623 3049 inveniuntur
644 2987 723 3063 apud
737 2991 856 3062 poetam
871 2987 1048 3060 Romanum,
1071 2987 1171 3046 omnia
1186 2990 1238 3049 de·

162 3090 242 3164 beri,
272 3094 372 3151 tamen
394 3091 528 3168 priorum
550 3093 666 3150 tantum
688 3086 827 3146 carminis
849 3087 992 3147 librorum
1014 3089 1127 3149 fontem
1150 3090 1237 3151 illum

163 3210 227 3253 esse
241 3192 409 3268 fragmenta
423 3194 539 3266 docent,
562 3192 613 3251 sed
635 3190 672 3248 ad
694 3188 779 3269 serti·¹
794 3188 865 3248 libri
887 3194 1000 3266 partem
1023 3190 1147 3251 alteram
1169 3213 1236 3253 oum

161 3294 296 3370 magistri
326 3293 445 3371 scriptis
476 3293 702 3371 comparandam
733 3291 796 3351 fere
827 3292 928 3352 nullae
958 3311 1060 3352 eorum
1091 3294 1237 3375 reliquiae

161 3401 289 3458 exeunt

334 3533 365 3542 ..-

230 3618 258 3677 3)
275 3616 418 3665 Lucretium
435 3616 592 3677 Empedoclis
609 3615 718 3663 carmina
741 3613 822 3674 ipsum
846 3614 997 3676 inspexisse,
1024 3616 1150 3664 contendit
1166 3617 1236 3666 Bris-

161 3716 236 3762 gerus
261 3703 288 3749 in
311 3716 415 3750 censura
432 3701 546 3749 Woltieri
569 3700 627 3749 libri
649 3701 675 3746 in
693 3699 810 3747 Burrieni
834 3701 940 3759 annali,
968 3701 1032 3750 1877
1058 3716 1083 3761 p.
1097 3702 1138 3749 74,
1174 3703 1236 3750 Ver-

161 3801 204 3836 sus
229 3788 271 3846 qui
294 3789 319 3835 in
343 3792 448 3847 utroque
469 3793 544 3848 poeta
567 3785 747 3845 consentirent,
773 3791 964 3847 composuerunt
985 3786 1110 3834 Hallierns
1132 3787 1158 3833 in
1176 3787 1236 3836 diss.

161 3872 277 3936 ¹Lucretii
294 3874 404 3921 carmina
421 3887 435 3920 e
453 3873 562 3933 iragmtt.
580 3870 739 3933 Empedoclis
757 3870 909 3919 adumbrata’
926 3872 1007 3919 denae
1021 3873 1094 3931 1887,
1113 3877 1138 3920 et
1149 3874 1236 3921 Baest·

161 3958 251 4006 leinius
268 3958 295 4005 in
312 3973 397 4019 progr.
416 3957 592 4018 Schleusingas
611 3957 693 4007 tart:
717 3955 791 4020 ‘Quid
808 3955 938 4004 Lucretius
962 3957 1075 4005 debuerit
1091 3957 1237 4018 Empedocli

160 4043 339 4104 Agrigentino',
357 4044 401 4092 sed
418 4044 503 4092 multis
520 4044 546 4091 in
558 4042 633 4092 rebus
650 4042 676 4090 in
688 4055 810 4091 consensu
826 4043 954 4102 atrimae
970 4043 1117 4102 inquirendo
1134 4043 1235 4091 modum

160 4128 318 4178 henderunt.
