2616 4582
603 282 817 351 ..52-

172 441 345 520 posite⁴‘),
376 445 406 502 et
427 438 619 502 Philodemus
640 441 673 501 in
694 440 786 516 libro,
816 459 904 522 quem
926 441 962 502 de
984 440 1099 519 pictate
1122 442 1249 521 scripsit,

172 551 203 606 et
225 550 328 608 auctor
344 544 493 605 Ciceronis
516 545 552 604 de
574 549 682 605 nature
704 545 825 604 deorum
846 546 863 604 I
882 542 899 623 5
915 548 1050 619 25-41,
1074 544 1142 606 sive
1157 546 1251 605 Phoe·

173 649 243 708 drus
264 649 331 722 fuit,
353 648 417 708 sive
438 646 503 724 ipse
525 646 576 707 ille
598 647 799 720 Philodemus,
823 647 887 708 sive
901 648 990 721 Zeno,
1011 647 1046 706 in
1060 668 1151 707 usum
1166 668 1252 708 suurn

173 752 335 825 convertit,
368 750 540 812 Lucretium
573 769 693 831 qnoque
722 750 872 810 interdum
902 750 1022 831 quidem
1052 750 1090 810 ab
1121 750 1252 827 Epicuro
1289 786 1293 793 ·

173 855 325 914 aberrasse
347 853 606 932 Reiseokerusff)
629 858 660 913 et
680 850 920 930 Bindseilius⁴⁶)
943 858 973 915 et
994 852 1163 913 Woltierus
1185 872 1253 931 pro·

174 957 339 1031 beverunt,
368 958 419 1017 scd
440 955 501 1015 illa·
517 956 687 1016 discrimino
710 975 757 1034 ‘ex
780 957 845 1033 ipse
866 955 999 1017 Lucretii
1021 959 1133 1015 notura
1154 958 1187 1016 et
1207 956 1251 1015 in-

174 1059 240 1119 dole
274 1060 358 1140 qussi
391 1079 445 1120 sua
477 1062 584 1136 sponte
613 1058 820 1138 manasse'47)
853 1057 990 1118 arbitrati
1017 1077 1079 1117 non
1109 1059 1253 1135 suspicati

173 1170 244 1225 sunt
266 1182 333 1222 eum
356 1162 506 1236 consulto,
537 1181 716 1243 quemquem
742 1162 774 1221 in
797 1163 886 1221 rebus
908 1160 1082 1233 levissimis,
1116 1179 1195 1240 qnae
1218 1161 1253 1220 sd

174 1266 337 1325 doctrinam
353 1267 529 1344 Epicuream
552 1264 663 1325 nullius
685 1263 828 1324 momenti
850 1267 942 1337 erent,
965 1262 1100 1339 magistri
1116 1263 1253 1340 vestigiis

174 1369 297 1428 desertis
319 1369 444 1429 alterum
467 1368 688 1445 philosophum,
712 1367 787 1427 alius
810 1366 985 1444 disciplinas
1006 1365 1160 1441 asseclam,
1184 1386 1252 1427 oon-

174 1470 307 1531 sultcssc.

262 1573 350 1638 Quod
372 1574 396 1635 si
418 1575 450 1633 in
473 1574 563 1634 rebus
590 1572 715 1649 singulis
743 1573 870 1633 fortasse
899 1571 1013 1645 erravi,
1043 1575 1147 1632 tomen
1174 1591 1253 1632 sum·

173 1697 251 1735 mam
271 1695 371 1736 rerum
393 1682 475 1738 recte
497 1696 544 1736 me
565 1676 754 1754 perspexisse
777 1677 864 1736 oredo
886 1679 918 1736 et
939 1675 1081 1752 probasse
1110 1673 1187 1734 mihi
1208 1674 1253 1736 vi-

174 1782 246 1839 deor
275 1780 447 1839 Lucretium
480 1799 541 1839 non
572 1785 632 1839 tom
663 1779 826 1840 obnoxium
857 1778 950 1839 fuisse
981 1776 1128 1855 Epicuro,
1164 1795 1254 1858 quem

173 1882 332 1959 praecipue
354 1882 485 1942 Zellerus
508 1886 598 1963 atque
620 1882 783 1942 Woltierus
804 1881 972 1943 voluerunt.

242 2034 286 2100 44)
304 2035 417 2096 Krische,
435 2033 627 2099 ‘Forschungen’
644 2050 668 2096 p.
681 2035 723 2083 40.
744 2037 775 2083 19
788 2047 824 2094 sq.
860 2033 892 2080 Η.
910 2032 981 2081 Diels
998 2046 1024 2093 p.
1039 2033 1096 2081 128.
1115 2032 1168 2082 113
1181 2045 1237 2093 sqq.

242 2120 285 2185 45)
304 2121 404 2182 Quaest.
423 2122 521 2169 Lucret.
540 2122 643 2169 Bonnss
663 2122 738 2169 1841.

242 2205 286 2272 46)
305 2208 438 2271 ίΝοιιιιιιΙΙιι
455 2207 487 2254 od
503 2206 613 2255 Lucretii
636 2206 667 2253 de
684 2219 767 2253 rernm
790 2208 879 2253 nature
895 2203 1012 2252 carminis
1034 2202 1079 2251 lib.
1091 2204 1113 2254 1.
1133 2203 1178 2253 113
1196 2203 1254 2253 diss.

173 2294 253 2341 Helos
273 2295 339 2342 1865
358 2299 383 2341 et
400 2293 562 2352 Quaestiones
579 2291 742 2340 Lucretianse
759 2304 843 2352 progr.
861 2291 966 2338 Anclsm
984 2291 1061 2339 1867.

136 2364 140 2369 ’
243 2375 286 2446 47)
304 2379 455 2427 Bindseilius
472 2377 574 2438 Quaest.
591 2378 665 2425 Lucr.
683 2391 707 2437 p.
722 2378 762 2426 29.
