2616 4582
106 1123 110 1130 ¹
176 1099 310 1222 Usque
332 1143 369 1201 ad
384 1145 518 1203 nostrum
534 1146 661 1218 tempus,
684 1141 735 1222 qui
752 1142 788 1200 de
803 1141 938 1202 fontibus
955 1140 1093 1202 carminis
1108 1142 1168 1202 Lu·

84 1244 214 1305 cretiani
237 1243 460 1324 quaesiverunt,
482 1243 542 1305 viri
564 1245 644 1305 docti
667 1249 786 1321 poetam
808 1244 885 1304 nihil
907 1249 1014 1321 putant
1036 1244 1067 1303 in
1091 1265 1167 1322 opus

86 1367 175 1407 suum
197 1345 353 1422 recepisse,
376 1346 456 1426 quod
478 1365 540 1405 non
561 1345 620 1405 iam
642 1346 783 1422 magister
806 1346 954 1407 docuisset
968 1346 1114 1425 Epicurus
1127 1350 1167 1426 ¹).

87 1447 171 1512 Quin
194 1448 283 1507 etiam
306 1449 342 1507 de
357 1446 537 1525 Empedocle
553 1453 584 1508 et
599 1447 771 1526 Thucydide
793 1467 888 1525 nuper
902 1449 1067 1510 Woltierus
1090 1451 1168 1511 dixit

85 1550 124 1609 in
145 1550 315 1626 speciminis
337 1550 463 1611 literarii
485 1549 531 1610 sui
553 1569 620 1627 pag.
636 1555 694 1609 183
708 1551 753 1627 ²):
774 1569 849 1637 ‘cum
865 1556 963 1613 autem
979 1553 1167 1629 Empedoclis

88 1672 209 1713 carmen
223 1653 317 1713 mults
334 1652 493 1725 contineat,
516 1671 593 1732 quae
615 1657 743 1729 poetam,
766 1657 800 1712 ut
815 1671 850 1712 ea
865 1653 1040 1728 imitaretur,
1063 1656 1167 1716 stimu-

87 1756 151 1815 lare
170 1755 306 1828 debeant,
328 1755 361 1814 in
379 1755 489 1835 quibus
505 1754 662 1815 Lucretius
676 1754 908 1830 Agrigentinum
924 1776 985 1815 non
1003 1756 1168 1819 aemulatus

88 1862 144 1932 est,
167 1856 323 1933 probabile
345 1861 391 1919 est
413 1876 456 1930 ee,
479 1875 555 1937 quae
578 1856 707 1936 aliquam
731 1856 859 1934 speciem
889 1857 1094 1921 similitudinis
1115 1862 1168 1920 ha·

87 1961 188 2032 beant,
211 1979 272 2018 non
294 1963 356 2018 tem
378 1960 506 2036 ex'ipso
522 1959 702 2035 Empedocle
724 1964 842 2037 sumpta
858 1980 922 2021 esse
939 1981 1027 2040 quam
1043 1981 1082 2022 ex
1096 1964 1168 2040 Epi·

89 2051 179 2122 curo.’
202 2066 232 2122 et
252 2061 312 2121 iam
335 2065 424 2122 antea
444 2080 510 2139 pag.
527 2065 604 2120 160:
635 2061 749 2148 ‘Potius
777 2062 923 2122 credimus
946 2065 1108 2141 Epicurum
1131 2067 1168 2125 de

89 2164 201 2224 morbis
216 2165 403 2237 scribentem,
427 2183 493 2223 cum
513 2165 548 2223 de
565 2168 649 2242 peste
671 2169 782 2241 ageret,
797 2164 979 2243 Thucydidis
994 2166 1168 2244 descriptio·

88 2285 159 2325 nem
182 2271 316 2327 secutum
338 2286 418 2341 esse,
449 2266 593 2327 nonnulla
614 2267 775 2341 addidisse,
805 2266 864 2325 alia
886 2285 962 2345 quae
985 2269 1170 2329 emendanda

88 2369 118 2429 ei
139 2368 315 2431 viderentur
336 2371 508 2432 emendasse
531 2373 561 2430 et
583 2368 754 2428 Lucretium
777 2368 911 2444 magistri
933 2368 1060 2442 vestigio
1087 2390 1169 2448 pres-

88 2461 182 2532 sisse?
225 2470 271 2531 De
293 2473 393 2549 priore
416 2471 565 2533 sententia
591 2470 668 2530 nihil
690 2470 763 2530 certi
786 2469 927 2528 affirmari
956 2475 1068 2546 potest,
1100 2492 1168 2532 nam

89 2573 264 2652 Epicureos,
293 2575 437 2655 quiante
460 2573 631 2635 Lucretium
654 2572 805 2645 vixerunt,
833 2571 865 2630 in
894 2571 1000 2633 studiis
1022 2575 1169 2650 Empedo-

89 2675 162 2736 cleis
190 2680 325 2737 versatos
354 2696 418 2737 esse
450 2681 576 2738 tastatur
605 2675 710 2736 titulus
739 2675 882 2735 librorum
909 2674 1087 2734 Hermarchi
1116 2676 1169 2756 qui

90 2782 193 2839 exstat
214 2778 293 2854 apud
315 2776 481 2854 Diogenem
503 2778 655 2839 Laertium
677 2777 717 2850 X,
735 2782 791 2837 25:
812 2768 989 2864 ιἐισιστολιιιιὶ
1012 2773 1081 2856 περὶ
1101 2769 1169 2854 Ἐμ-

90 2875 273 2950 esconium
295 2876 389 2939 εἰίιοσι
418 2876 469 2938 καὶ
491 2873 569 2957 δύο’,
601 2885 633 2940 et
654 2898 714 2953 eos,
736 2900 803 2939 oum
825 2898 907 2938 suam
931 2879 1094 2940 doctrinam
1117 2899 1169 2941 ex·

90 2987 247 3061 ponerent,
269 3001 375 3046 versus
396 2982 478 3060 ipsos
494 2982 682 3060 Empedoclis
700 2982 835 3042 attulisse
856 2981 1046 3043 manifestum
1069 2988 1169 3044 estex

89 3086 196 3162 fragm.
219 3085 298 3162 apud
319 3084 444 3146 Sextum
467 3086 533 3147 adv.
556 3086 696 3146 mathem.
712 3085 769 3160 XI,
786 3091 826 3144 96
849 3105 878 3162 p.
896 3090 967 3159 560,
983 3090 1023 3144 26
1047 3085 1169 3165 (Bekk.)

90 3192 226 3251 servato:
247 3178 319 3247 'rou’
342 3179 470 3246 εἰώθασί
492 3206 567 3258 τινες
587 3188 648 3246 τῶν
670 3179 732 3246 clad
750 3187 803 3264 τῆς
824 3178 1005 3267 Ἐπικούρου
1029 3185 1168 3267 αἱρέσεως

90 3282 170 3372 node
194 3282 248 3361 ιδς
269 3269 409 3360 τοιαύτας
431 3283 561 3370 seipsas
582 3281 772 3360 ὑπαντῶντες
793 3285 885 3369 λέγειν
902 3283 948 3350 ὅτι
962 3291 1100 3364 φυσικοῖς
1117 3289 1168 3352 nul

90 3385 263 3462 ἀδιδάκτως
292 3384 325 3452 ad
348 3392 425 3475 ζῷον
447 3386 550 3472 φεύγει
578 3387 632 3470 μὲν
660 3386 715 3470 τήν
738 3385 904 3472 ἀλγηδόνα,
936 3385 1039 3452 διώκει
1061 3387 1094 3453 δὲ
1114 3387 1170 3472 τήν

89 3486 221 3573 ἡδονήν·
244 3487 390 3574 γεννηθὲν
412 3495 487 3574 γοῦν
508 3491 558 3554 nul
581 3490 705 3572 μηδέπω
728 3497 790 3565 τοῖς
811 3486 888 3554 nard
906 3486 997 3565 δόξαν
1014 3493 1169 3571 δουλεῦον,

90 3589 154 3675 δι’μιι
183 3597 225 3679 τῷ
246 3592 436 3675 δανεισθῆναι
465 3590 656 3674 ἀσυνήθει
686 3592 776 3677 dicor
805 3591 894 3672 ψύξει
923 3593 1110 3657 διιλιιιισὲν
1132 3618 1169 3658 τε

89 3694 155 3760 nul
176 3692 384 3773 ἔκιόιιυσεν,
407 3701 517 3781 quibus
533 3701 565 3759 in
580 3700 717 3763 versibus
732 3699 898 3777 Epicureus
912 3700 964 3761 ille
978 3701 1063 3762 Sexti
1077 3704 1170 3764 verba

89 3800 290 3880 Empedocleo
311 3822 360 3864 vv.
378 3807 438 3862 385
455 3824 520 3884 sqq.
544 3802 602 3882 (ed.
619 3803 716 3879 Stein)
738 3803 910 3864 recordatus
932 3807 993 3865 est:

161 3957 190 4016 1)
212 3956 243 4002 cf.
262 3954 360 4014 Zeller,
386 3955 453 4018 phil.
473 3956 496 4003 d.
516 3954 622 4003 Griech!
646 3955 698 4014 111,
718 3957 757 4003 lc
779 3970 804 4016 p.
817 3957 867 4005 64¹1
891 3957 947 4004 adn.
960 3956 992 4003 11.
1026 3957 1056 4004 R.
1075 3957 1168 4016 Hirnel,

89 4039 323 4100 cllntcrsnchungen
340 4054 371 4087 uu
389 4039 489 4090 Ciceros
506 4041 569 4102 phil.
588 4040 715 4089 schriften'
734 4041 747 4087 1
762 4055 789 4101 p.
803 4044 835 4091 98
853 4042 909 4089 adn.
923 4044 946 4092 1.

162 4126 188 4189 2)
205 4124 315 4175 Lucretii
331 4124 491 4189 philosophia
508 4140 564 4176 cum
582 4125 692 4175 lontibus
710 4130 861 4188 comparata,
879 4125 1022 4185 Groningac
1044 4128 1122 4177 1811.

962 4217 982 4269 h
