2616 4582
510 275 723 340 ,25-

72 451 142 491 rum
173 432 251 508 apud
282 432 361 490 hunc
387 452 443 492 nec
463 432 532 493 vola
559 452 614 492 nec
635 431 802 506 vestigium.
847 432 1006 490 Praeterea
1028 428 1153 489 Ovidius

75 536 114 593 de
145 535 246 593 Crathi
275 535 442 613 Sybarique
471 557 519 594 vv.
545 540 604 594 315
626 554 691 613 sqq.
721 533 778 592 sibi
808 533 918 608 petivit
946 533 1047 591 cadem
1078 549 1154 607 quae

8 698 10 703 ,
74 637 194 694 Plinius
224 637 261 693 de
283 637 384 696 Crathi
417 656 455 695 ex
486 637 691 712 Theophrasto
721 635 808 694 novit
836 635 961 704 XXXI,
983 639 1035 704 13,
1070 635 1100 689 51
1121 631 1153 687 11

73 758 126 797 vv.
143 743 203 796 322
220 759 286 818 sqq.
316 759 381 798 curn
404 740 484 799 illius
508 739 524 818 ᾗ
544 745 581 797 16
610 739 679 797 libri
702 737 816 797 XXXI
844 736 1001 795 consentit.
1044 736 1152 812 Itaque

72 841 108 899 in
129 842 198 900 libri
221 842 255 900 II
276 842 360 900 fonte
381 842 433 901 ille
455 845 529 902 haec
551 863 612 901 non
635 841 760 914 invenit,
784 858 883 920 neque
906 840 1008 898 codem
1032 840 1152 895 auctore

73 949 203 1022 uterquc
225 964 297 1003 usus
320 949 373 1003 est
419 948 461 1003 At
482 964 590 1020 magna
612 950 658 1004 est
679 943 842 1003 similitudo
866 943 944 1002 inter
966 939 1031 1000 eos!
1076 938 1152 996 Sanc

73 1044 183 1104 mirum
207 1050 293 1117 esset,
315 1046 340 1106 si
363 1047 396 1104 in
418 1054 502 1106 tanta
523 1047 856 1123 paradoxographorum
878 1042 1069 1103 multitudino
1092 1060 1152 1098 non

73 1147 194 1224 saepius
216 1148 291 1206 idem
316 1149 394 1224 apud
413 1149 545 1209 diversos
560 1155 696 1208 auctores
713 1148 869 1223 legeretur.
914 1144 1036 1204 Etiamsi
1054 1147 1153 1200 autem

72 1250 189 1309 Seneca
210 1249 361 1308 interdum
383 1250 483 1311 Ovidii
505 1270 609 1312 versus
632 1251 742 1322 attulit,
765 1255 873 1322 tamen,
896 1249 976 1327 quod
997 1246 1034 1305 iis
1057 1247 1152 1316 docet,

72 1351 107 1409 in
124 1352 272 1410 communi
295 1353 341 1411 sui
362 1353 457 1429 ipsius
473 1358 504 1412 ct
518 1353 609 1411 Plinii
632 1354 716 1412 fonte
739 1355 890 1411 narratum
906 1370 968 1410 csse
985 1369 1023 1408 ex
1038 1367 1152 1407 summa

75 1454 204 1514 aliarum
232 1474 330 1513 rerum
361 1456 556 1516 similitudine
585 1461 717 1532 apparet.
761 1455 874 1514 Seneca
902 1453 994 1524 enim,
1026 1471 1091 1510 eum
1115 1451 1151 1508 dc

72 1556 219 1616 Ciconum
234 1557 367 1629 flumine,
386 1559 423 1616 de
438 1558 580 1634 Lyncesti
596 1559 685 1630 amni,
701 1559 737 1615 de
754 1556 836 1634 Lyco
852 1562 883 1615 et
898 1554 1022 1613 Erasiuo
1039 1552 1151 1631 aliquid

70 1659 212 1718 infante
235 1678 288 1718 suo
311 1658 432 1734 legeret,
454 1679 593 1720 versuum
611 1660 833 1731 Ouidianorum,
857 1658 909 1736 qui
925 1676 960 1716 ea
979 1661 1075 1714 aetate
1098 1674 1150 1713 no·

70 1760 182 1820 tissimi
199 1766 292 1833 crant,
315 1762 486 1821 recordatus
502 1769 548 1821 est
569 1766 600 1821 et
621 1762 658 1818 ad
675 1762 839 1819 ornandum
861 1760 968 1817 librum
985 1777 1070 1816 suum
1090 1776 1150 1814 non

69 1862 204 1922 auctoris
226 1864 319 1922 verba
340 1864 392 1923 sed
415 1864 515 1925 Ovidii
537 1883 641 1924 versus
664 1863 838 1939 exscripsit,
867 1862 975 1940 quibus
998 1860 1078 1938 quod
1099 1859 1150 1916 ille

68 2099 186 2144 amnem,
214 2085 341 2132 Pheneum
367 2085 446 2131 lacum
471 2086 618 2144 (ala-36).
654 2085 768 2143 Denique
792 2084 822 2130 de
841 2083 946 2143 Ortygia
971 2083 1092 2140 loquitar,
1119 2081 1150 2127 de

71 2169 292 2232 Symplegadibus,
311 2171 341 2216 de
359 2170 439 2217 Aetna
457 2166 605 2237 (sao-55).

145 2255 201 2314 Qua
219 2256 244 2302 in
262 2261 333 2316 parte
351 2263 426 2316 poeta
443 2256 520 2303 stoico
538 2261 638 2303 auctore
656 2270 715 2304 usus
737 2270 791 2304 esse
809 2256 914 2303 videtur.
950 2256 1059 2301 Primum
1084 2255 1149 2300 enim

71 2347 181 2404 quatuor
194 2344 318 2390 clementa
331 2343 410 2400 affert,
429 2355 532 2400 quorum
546 2342 653 2402 quidque
664 2343 690 2388 in
703 2343 779 2390 alium
792 2348 902 2390 transeat
919 2343 972 2400 (vv.
986 2343 1036 2388 250
1048 2343 1105 2399 sq.),
1122 2343 1150 2385 ut

70 2429 203 2488 Diogenes
221 2428 336 2474 Laertius
354 2428 408 2483 VII,
431 2430 478 2475 141
497 2432 522 2474 51
539 2426 633 2474 Seneca
650 2429 680 2473 N.
693 2428 723 2487 Q.
742 2430 787 2486 III,
809 2432 856 2490 10,
875 2428 962 2476 deinde
981 2427 1053 2474 stiam
1072 2425 1149 2472 verba

71 2514 162 2561 Ovidii
188 2514 245 2576 ,sive
268 2520 303 2559 eat
327 2513 421 2559 animal
445 2511 521 2560 tellas
546 2514 649 2560 stoicam
675 2515 811 2561 doctrinam
835 2515 955 2562 redolent
997 2511 1094 2558 Fabula
1118 2510 1148 2556 de

68 2601 168 2661 AnIgro
186 2599 286 2646 flumine
304 2599 431 2645 invenitur
448 2599 521 2646 etiam
540 2598 606 2659 apud
624 2598 769 2646 Strabonem
788 2600 849 2646 VIII
866 2613 890 2658 p.
903 2600 952 2646 346
966 2611 1019 2655 sqq.
1044 2600 1068 2643 et
1085 2597 1148 2641 Pau-

68 2686 169 2736 saniam
187 2684 218 2743 V,
237 2687 261 2743 5,
280 2687 302 2731 5.
339 2684 409 2743 Quae
427 2683 539 2731 narravit
556 2684 585 2731 de
603 2683 686 2744 Lyco,
704 2686 817 2743 turesino,
836 2685 945 2740 Antissa,
963 2682 1054 2738 Pharo,
1072 2681 1146 2740 Tyro,

68 2770 201 2828 Leucade,
225 2769 312 2816 Helice
330 2773 355 2816 et
371 2769 452 2827 Bura,
479 2769 509 2815 de
527 2769 594 2815 fonte
612 2770 758 2818 Hammonis
775 2775 799 2818 et
816 2771 964 2829 Dodonaeo,
983 2767 1013 2814 de
1031 2766 1149 2812 Ciconum

69 2856 189 2914 flumine,
207 2855 316 2915 Lynce10
334 2854 414 2912 amni,
432 2853 532 2902 Pheneo
550 2855 605 2901 lacu
623 2869 677 2901 cum
695 2855 770 2902 Plinii
786 2856 810 2902 II
827 2856 860 2916 ἐξ
878 2858 941 2911 201,
960 2858 990 2910 4,
1010 2855 1037 2909 5,
1058 2855 1087 2910 6,
1107 2852 1147 2909 25,

72 2943 118 3001 26,
137 2944 178 3000 28,
198 2942 239 3000 30,
259 2941 289 2987 111
310 2940 473 2998 consentiunt,
492 2939 629 2987 accuratius
647 2944 728 2987 tamen
747 2939 830 2987 tabula
848 2942 878 2987 de
891 2941 958 2987 fonte
971 2939 1106 2984 Dodonaeo
1124 2941 1149 2982 et

68 3030 128 3075 Iaca
145 3027 246 3073 Pheneo
265 3039 320 3072 cum
338 3025 490 3075 Callimacho
517 3026 582 3085 apud
600 3026 682 3084 Antig.
702 3025 759 3074 Car.
780 3027 843 3083 148,
864 3029 929 3087 158,
954 3038 1009 3072 eum
1027 3038 1056 3070 so
1074 3023 1148 3069 etiam

69 3114 138 3174 quod
152 3116 226 3173 poeta
244 3111 327 3159 docuit
345 3111 375 3158 de
393 3110 486 3171 Crathi,
506 3111 672 3159 Callimachus
689 3126 730 3172 ap.
744 3113 848 3160 eundem
862 3115 919 3169 184,
937 3112 967 3158 de
985 3108 1148 3167 Aethioprus

66 3197 173 3247 lacubus
190 3197 255 3244 idem
272 3211 312 3257 ap.
331 3198 403 3244 eund.
425 3198 480 3255 145,
500 3197 530 3244 de
548 3197 657 3257 Lynceio
675 3200 741 3245 amni
759 3198 823 3247 idem
842 3213 880 3259 ap.
900 3197 971 3245 eund.
991 3199 1046 3244 164.
1082 3195 1146 3240 Fere

68 3284 156 3333 omnia
177 3284 241 3330 inter
265 3281 381 3329 Ovidium
405 3287 430 3330 et
454 3282 606 3342 Antigonum
630 3285 769 3331 communia
792 3286 865 3332 etiam
889 3285 914 3330 11
939 3280 1147 3330 Pseudo-Sotione

67 3370 116 3432 (ἐξ
136 3369 297 3429 11,44,11,
317 3371 357 3426 24,
377 3364 605 3433 20)11ν511111111.

142 3456 172 3502 In
189 3455 269 3502 altera
286 3460 357 3514 parte
376 3453 481 3502 Ovidius
499 3455 529 3502 de
547 3457 688 3504 bominibus
706 3459 840 3518 ceterisque
858 3456 1007 3503 animalibus
1029 3455 1055 3501 in
1072 3454 1146 3500 allam

68 3541 181 3602 speciem
198 3541 299 3588 mutatis
317 3542 395 3587 malta
412 3540 535 3590 disseruit.
573 3543 602 3589 In
621 3543 710 3600 quibus
727 3544 816 3590 mirum
834 3547 952 3602 quantum
975 3540 1068 3587 similes
1090 3543 1148 3586 sunt

67 3626 171 3676 fabulae
183 3626 214 3672 de
227 3626 322 3686 origine
333 3627 416 3687 apium
429 3629 484 3688 (vv.
493 3628 623 3688 364-61)
633 3629 781 3676 crabronum
792 3631 865 3688 (868)
876 3627 993 3687 anguium
1005 3627 1146 3685 (asa-90)

66 3712 254 3763 chamaeleonte
273 3710 414 3778 (410-12)
441 3728 496 3761 cum
515 3715 640 3772 Antigono
660 3711 774 3774 Carystio
802 3718 846 3772 10,
865 3717 912 3773 89,
932 3714 978 3772 253
1007 3711 1038 3757 de
1061 3712 1145 3769 apium

66 3797 168 3857 origine
193 3798 267 3844 etiam
284 3798 364 3845 Varro
389 3799 455 3848 idem
478 3801 590 3847 narravit
613 3815 632 3846 r.
650 3814 671 3845 r.
689 3801 735 3855 III,
756 3802 799 3857 16,
826 3803 856 3847 de
874 3800 969 3858 origiue
987 3798 1145 3857 scorpIonum

66 3883 425 3946 (15-5151111111.
446 3889 469 3944 s,
488 3888 533 3941 55,
561 3886 591 3932 ee
617 3887 704 3933 aruns
728 3899 800 3933 ursae
822 3884 962 3948 (ars-si)
989 3887 1012 3941 s,
1033 3864 1097 3940 ras,
1116 3883 1146 3927 es

66 3967 193 4028 anguIbus
212 3966 352 4031 (aaa-90)
373 3970 484 4028 10,188,
504 3969 534 4016 (15
552 3970 673 4029 phoenica
691 3968 849 4036 (1190-401)
870 3973 936 4027 10,3
956 3966 1090 4033 (Mamilius
1107 3981 1145 4014 se-

65 4059 142 4103 nator
159 4049 299 4117 laudatur),
326 4054 356 4101 de
374 4053 477 4114 hyaenis
495 4049 637 4114 (408-10)
656 4057 688 4113 8,
709 4057 769 4114 105,
787 4057 818 4104 de
835 4056 1019 4103 chamaeleonte
1037 4056 1066 4110 8,
1087 4055 1144 4110 122,

66 4140 100 4187 de
117 4137 211 4185 curalio
230 4139 433 4200 (416-111112,
453 4142 494 4187 22.
