2616 4582
561 87 774 152 ..33-

119 241 250 299 maioris
265 245 371 314 autem,
395 243 473 321 quod
492 245 569 318 apud
585 244 717 302 Plinium
732 244 852 318 XXXI,
871 247 1037 305 erexerat:
1059 245 1122 322 ,illc
1144 263 1204 301 ma·

123 345 200 401 tatto
225 345 309 414 merc,
336 343 387 401 ubi
406 364 495 403 cerea
518 346 599 404 nulla
622 347 736 405 evidens
757 347 885 424 adparet,
910 350 986 404 rebat
1007 348 1036 403 r'n
1052 348 1203 422 Magnesia

121 468 139 503 e
163 447 261 504 calado
282 445 369 523 sacta
391 446 522 525 frigida
545 450 618 506 eolre
641 469 696 506 eon
719 458 827 506 mutato
849 449 976 524 sapore'
1020 449 1086 508 Hoc
1112 450 1205 524 igitur

121 548 192 607 loco
216 554 319 608 auctor
341 551 495 610 contendit
517 571 634 610 causam
657 553 826 612 evidentem
854 572 915 610 non
947 553 1088 627 adparere
1109 571 1204 631 aquae

121 655 274 711 mutatae:
297 653 375 727 apud
397 653 538 712 Senecam
561 673 584 712 c.
601 659 637 712 11
661 655 786 729 legitur:
809 655 889 731 ,idem
912 654 1004 732 (qnod
1026 655 1058 712 in
1080 654 1203 728 Haemo,

121 753 177 813 ubi
193 773 272 832 aqna
286 755 392 829 ingens
414 757 553 831 apparuit
575 756 658 817 silvis
681 756 813 834 succisis)
836 759 914 815 circo
931 757 1111 833 Magnesiam
1127 760 1202 815 acei-

122 855 226 914 dr'esess
253 858 360 937 Itaque
373 878 470 938 neque
483 861 628 919 secundus
641 879 738 938 neque
753 860 919 918 tricesimus
934 880 1010 918 unus
1022 860 1112 918 Plinii
1128 861 1203 920 liber

124 977 166 1018 ex
189 961 292 1018 eodem
317 962 460 1037 scriptore
483 963 623 1038 descripti
647 967 717 1022 sunt
745 981 783 1021 ex
806 982 864 1041 quo
887 962 1016 1021 Senecae
1047 963 1123 1021 liber
1146 965 1202 1036 III,

122 1062 177 1140 qui
202 1083 268 1121 cum
284 1063 506 1139 Theophrastee
528 1065 624 1122 minua
647 1069 781 1124 accurate
803 1067 948 1137 redderet,
971 1085 1032 1123 non
1055 1085 1094 1123 ex
1108 1065 1202 1124 Theo-

121 1168 248 1242 phrasto
270 1166 335 1242 ipso
360 1168 410 1225 sed
433 1187 471 1225 ex
494 1167 551 1226 alio
575 1171 703 1239 auctore,
727 1168 777 1245 qui
800 1167 884 1225 illum
907 1167 1047 1241 laudavit,
1070 1189 1123 1228 sua
1145 1171 1200 1229 sibi

122 1273 262 1348 sumpsit.
307 1273 434 1332 Necesse
465 1280 561 1333 autem
594 1276 639 1332 est
669 1273 847 1332 coniciamus
875 1273 908 1331 in
931 1293 990 1331 uno
1012 1272 1089 1331 libro
1112 1272 1201 1331 Sene·

122 1393 198 1447 cam,
223 1394 298 1453 quae
321 1375 411 1434 Plinii
436 1376 513 1435 libro
530 1378 564 1434 II
586 1383 617 1436 et
632 1376 743 1434 XXXI
765 1376 873 1434 similia
895 1382 974 1448 sunt,
995 1376 1147 1436 invenisse
1170 1382 1201 1436 et

122 1477 215 1536 huius
237 1484 387 1537 auctorem
410 1479 480 1538 libri
495 1480 528 1536 Π
551 1479 772 1555 Theophrastea
795 1500 855 1538 non
878 1480 1020 1539 attulisse.
1067 1480 1112 1538 Ob
1136 1499 1199 1538 eam

121 1598 185 1638 rem
209 1580 241 1638 in
264 1581 434 1640 narratione
450 1582 486 1641 de
501 1582 614 1660 Lydiae
631 1582 737 1641 insulis
752 1582 948 1658 Theophrasti
965 1583 1107 1640 memoria
1121 1584 1199 1658 apud

121 1682 267 1742 Senecam
291 1703 314 1742 c.
332 1689 388 1756 25,
408 1690 424 1741 8
449 1685 674 1762 (Theophrastus
696 1695 740 1742 eet
760 1685 873 1761 auctor)
896 1685 1021 1743 delenda
1042 1689 1100 1756 est,
1133 1704 1198 1742 cum

122 1805 174 1844 eae
200 1786 278 1862 apud
301 1787 432 1845 Plinium
456 1786 549 1865 §229
573 1788 642 1847 libri
664 1788 698 1846 ΙΙ
726 1792 1008 1860 commemorentur,
1039 1789 1116 1865 quod
1140 1788 1198 1846 iam

121 1888 313 1964 Rnhkopfiua
332 1889 436 1962 voluit,
460 1890 559 1949 neseio
583 1891 700 1968 quade
723 1909 818 1949 causa.
862 1890 972 1968 Utique
989 1890 1094 1947 mirum
1111 1896 1197 1963 esset,

120 1991 179 2049 nisi
200 1991 368 2070 quicquam,
392 1994 469 2070 quod
493 1993 552 2051 iam
574 1993 795 2069 Theophrastus
817 1993 973 2065 docuisset,
996 1993 1027 2050 in
1049 1991 1140 2051 Plinii
1162 1993 1197 2050 li-

120 2094 174 2152 bro
190 2093 225 2151 Il
247 2094 441 2168 inveniretur,
466 2097 537 2175 quia
551 2098 882 2172 paradoxographorum
897 2096 1102 2174 unusquisque
1118 2096 1196 2171 prio-

118 2215 185 2255 rum
208 2197 394 2256 narrationes
415 2178 450 2257 ut
471 2217 537 2256 suas
560 2199 616 2257 sibi
639 2198 810 2258 vindicabat
833 2203 871 2271 et,
895 2202 998 2257 auctor
1020 2199 1086 2277 quis
1109 2204 1194 2272 esset,

120 2299 245 2359 celabat.
288 2300 426 2359 Profecto
450 2301 670 2360 narratiuncula
686 2302 721 2359 de
737 2301 820 2360 fonte
835 2301 868 2358 in
884 2301 1088 2376 Paphlagonia
1102 2301 1194 2359 Plinii

118 2400 172 2478 (Π,
183 2401 258 2479 230)
274 2403 478 2479 Theophrasto
492 2404 623 2476 debetur,
640 2404 690 2462 sed
702 2422 810 2461 nomen
826 2403 914 2462 huius
929 2403 966 2460 ab
981 2402 1062 2463 illius
1073 2409 1193 2464 auctore

118 2505 241 2573 allatum
266 2525 326 2564 non
349 2511 402 2565 est.

207 2607 266 2670 Qui
288 2612 386 2669 autem
408 2609 505 2668 fontes
534 2614 603 2669 sunt
624 2608 753 2668 Senecae
780 2614 810 2668 et
832 2608 923 2666 Plinii
953 2614 983 2668 et
1011 2611 1089 2668 unde
1118 2611 1193 2670 deri-

71 2748 74 2753 ·
116 2711 181 2771 vati
215 2709 303 2770 sunt?
345 2710 386 2770 Ut
414 2712 471 2769 hoc
501 2711 727 2787 perspiciamus,
757 2711 909 2771 videamus
940 2712 1011 2791 quid
1043 2712 1075 2769 in
1104 2714 1193 2772 huius

70 2876 72 2885 ¹
115 2812 195 2872 libro
218 2813 330 2870 XXXI
359 2813 562 2889 Theophrasto
592 2814 719 2874 adscribi
746 2814 843 2873 liceat.
887 2814 1108 2889 Theophrastus
1130 2816 1192 2873 lau-

70 2918 77 2969 ἰ
116 2916 207 2976 datur
235 2915 267 2973 in
289 2916 378 2974 rebus
412 2915 596 2976 mirabilibus
625 2917 661 2974 de
689 2916 805 2987 Crathi,
836 2914 955 2992 Sybari,
988 2917 1191 2991 Haliacmona,

70 3026 76 3039 “·
115 3019 208 3091 Axio,
231 3018 267 3075 de
290 3018 373 3077 fonte
395 3018 426 3075 in
449 3019 613 3095 Messapiis,
636 3021 668 3077 in
691 3020 778 3079 Lusis
800 3020 942 3078 Arcadiae
966 3019 1057 3097 (513,
1073 3020 1132 3095 14),
1155 3024 1192 3079 de

114 3123 201 3181 fonte
230 3123 315 3181 iuxta
338 3121 423 3180 Solos
445 3122 564 3180 Ciliciae
594 3123 650 3182 sito
679 3120 708 3200 (S
734 3121 793 3198 17),
824 3123 859 3180 de
889 3124 1025 3202 Marsyae
1053 3141 1130 3201 aqua
1158 3123 1190 3180 in

115 3224 251 3302 Phrygia
266 3223 296 3302 (§
314 3225 373 3303 19),
397 3227 432 3283 de
449 3224 592 3283 Arcadiae
608 3225 729 3283 Pheneo
746 3224 775 3303 (ξ
788 3225 849 3303 26),
872 3226 1071 3301 praeteream
1087 3225 1122 3304 ἓξ
1141 3231 1189 3301 83,

118 3331 189 3385 106.
234 3328 291 3384 Sed
313 3327 402 3385 etiam
424 3325 483 3384 alia
505 3326 567 3384 erui
590 3333 722 3402 possunt,
747 3347 822 3407 quae
838 3347 904 3387 eum
921 3329 1054 3387 docuisse
1069 3347 1189 3388 necesse

113 3435 169 3501 est,
194 3448 233 3487 cx
253 3429 427 3505 fragmentis
450 3430 527 3505 apud
551 3431 738 3488 Athenaeum
760 3432 893 3491 servatis.
939 3432 1022 3490 Haec
1045 3435 1128 3489 sunt:

150 3618 219 3678 §2u
245 3614 408 3662 Crannona
426 3615 638 3675 cetfoaaealr'due
697 3614 784 3663 Athea.
810 3600 842 3662 ῘΙ
856 3620 954 3678 pter
980 3616 1027 3681 (fr.
1048 3620 1095 3665 159
1120 3617 1186 3664 Wim·

95 3704 178 3750 'cetra
195 3717 307 3749 rammam
316 3700 447 3760 ferrarea,
466 3701 508 3758 qai
523 3702 578 3748 ano
595 3702 638 3747 tri-
663 3699 721 3765 mer)
745 3697 758 3750 ἐ
765 3717 777 3752 ν
795 3699 970 3765 Κραννῶνι
987 3696 1010 3752 δ’
1029 3699 1097 3752 ἐστὶν
1116 3695 1185 3767 ὕδωρ

111 3789 162 3836 duo
179 3787 264 3835 addito
281 3787 384 3833 calorem
404 3786 511 3845 potrboe'e
535 3786 638 3833 castore
662 3780 751 3851 ἡσυχῆ
770 3783 864 3850 θερμὸν
883 3778 897 3837 ‘0'
916 3787 1048 3852 ἓνερμαῖνον
1071 3789 1189 3851 διατηρεῖ

110 3875 138 3921 in
156 3873 233 3920 caah.
663 3868 789 3934 apertae
806 3869 849 3923 τόν
861 3867 923 3923 οἶνον
941 3867 1044 3923 talete
1062 3869 1106 3922 καὶ
1117 3876 1186 3936 τρεῖς

663 3950 763 4021 ἡμέρας
781 3990 916 4006 ······

961 4052 977 4105 a
