2616 4582
511 240 725 305 ...29-

217 395 320 444 Plinius
338 394 373 443 11.
527 392 530 457 t
771 397 868 444 sensns
885 393 934 442 m.

73 496 156 528 mersa
181 489 249 540 sunt,
274 482 300 528 in
317 481 445 528 Phalerico
461 480 515 526 red·
543 482 650 528 sorbetur
673 489 695 529 et
711 480 859 527 desideratus
882 480 924 527 diu
948 480 1043 527 tandem
1061 495 1072 526 e
1090 481 1157 539 lonae

73 566 172 612 duntur.
194 573 216 611 et
233 567 264 613 in
281 567 416 613 Atinate
434 582 516 612 oam-
542 574 631 613 remoto
648 567 708 624 loeo,
726 581 774 613 non
791 573 869 612 tomen
886 565 971 612 dubius
989 581 1022 611 an
1039 566 1102 611 idem
1119 566 1157 624 sit,

10 694 12 699 .
69 665 113 712 po
122 650 352 710 fluuiusmersus
359 658 416 711 post
426 650 474 695 XX
481 653 514 697 M.
544 653 646 711 emerant.
684 651 787 708 Quidam
797 651 880 711 sordes
898 659 961 698 nerto
977 659 1080 711 tenpore
1095 667 1156 711 pier-

68 750 141 796 pass.
154 735 209 793 eun,
226 742 248 782 et
264 737 298 783 iu
310 737 518 796 Aquileiensi
541 744 651 796 aamenta
675 738 775 784 emotaut
797 743 823 782 ut
840 737 1008 782 Arethusa
1026 737 1052 784 in
1070 736 1158 783 Sicilia

76 821 234 867 Timavos.
542 824 626 882 quinta
652 837 746 882 quaqvm
771 828 860 868 aestate
881 837 928 882 per
948 822 1066 882 Olympia.
1102 822 1157 868 inde

543 909 623 969 opinio
648 916 683 955 est
699 908 842 968 Alpbebn
865 921 895 952 ea
912 907 1007 953 Achaia
1032 921 1058 954 ea
1083 919 1158 965 usqne

536 1001 667 1053 penetrare
693 1000 716 1040 et
741 1007 812 1051 aaere
837 991 878 1038 sub
902 1006 969 1037 mare
995 1007 1089 1039 cursum
1115 1007 1157 1037 neo

541 1086 597 1126 ante
615 1095 686 1138 quam
703 1079 729 1125 in
747 1078 902 1137 Syracusano
918 1077 987 1124 litore
1005 1092 1126 1136 emeryere.

575 1165 598 1210 6.
616 1166 663 1210 Est
679 1165 711 1211 iu
729 1163 947 1210 Chersonneso
966 1162 1158 1208 Rhodiorum

533 1249 626 1308 fons,
645 1250 688 1307 qui
693 1256 750 1310 post
761 1264 872 1307 mannum
884 1248 1034 1294 interuallum
1046 1247 1158 1307 temporis

533 1334 612 1395 foeda
630 1335 748 1392 quaedam
764 1332 898 1379 turbinibus
915 1348 944 1378 eu
961 1333 1044 1379 intimo
1054 1333 1156 1390 fitndat,

541 1419 615 1465 donee
626 1419 741 1466 liberatus
754 1419 916 1477 eliquatusque
929 1425 970 1465 est,
996 1418 1050 1463 Hoc
1062 1418 1157 1476 dumus-

541 1505 597 1551 dam
613 1504 673 1551 loeis
684 1504 766 1563 saites
777 1503 888 1563 faciunt,
906 1510 931 1549 ut
947 1516 996 1549 non
1013 1509 1104 1548 tantum
1121 1503 1156 1548 lu-

540 1597 588 1636 tum
613 1590 656 1637 sed
670 1589 739 1647 solra
762 1596 880 1648 tostaeque
905 1595 926 1634 et
952 1588 1067 1647 quioquid
1085 1595 1157 1648 putre

540 1674 615 1720 iacuit
639 1674 764 1734 expellant.
791 1675 876 1733 ubique
900 1680 978 1719 aumm
997 1673 1065 1732 facit
1082 1688 1156 1731 mare,

541 1760 608 1806 ouius
624 1761 684 1806 baca
700 1767 791 1806 natura
808 1766 854 1816 est,
880 1765 906 1804 ut
923 1773 989 1805 mnne
1013 1759 1157 1805 immundum

111 1846 162 1893 220
188 1846 273 1891 Omnia
285 1844 419 1903 plenilunio
435 1844 516 1890 maria
542 1851 743 1904 nemorosumque
760 1845 867 1892 litorrbus
885 1845 1008 1904 impinqat.
1039 1844 1158 1904 quaedam

67 1938 226 1990 puryantur,
256 1930 375 1988 quasdam
403 1937 424 1976 et
454 1936 516 1976 stato
542 1946 597 1977 vero
617 1938 701 1990 partes
724 1932 798 1977 maris
823 1930 852 1976 id
867 1931 936 1976 tertis
954 1929 1096 1989 temporibus
1111 1929 1157 1988 fa-

73 2023 188 2075 tempore.
225 2013 319 2060 Circa
339 2016 516 2061 Messanam
542 2017 620 2074 ciunt,
648 2024 673 2062 ut
691 2017 785 2062 eirea
802 2017 983 2062 Messanam
1008 2022 1035 2061 et
1052 2014 1157 2072 Mylas

73 2108 105 2147 et
135 2101 243 2158 Mylas
273 2100 331 2158 fimo
361 2101 450 2147 similia
479 2117 517 2146 ea·
536 2101 597 2160 fimo
618 2101 733 2160 quiddam
750 2101 827 2147 simile
845 2101 986 2148 turbulentis
1004 2101 1074 2159 aquis
1091 2115 1158 2146 mare

73 2193 193 2246 spuuntur
222 2187 249 2231 in
271 2185 328 2232 litus
350 2193 515 2246 puryamento,
537 2186 632 2247 profert
642 2186 766 2245 semetque
783 2193 805 2232 et
818 2193 940 2234 exaestuat
957 2201 1005 2233 non
1023 2186 1072 2231 siue
1085 2185 1158 2232 odore

72 2271 139 2318 unde
150 2271 243 2330 fabula
255 2269 319 2316 Solis
336 2271 405 2317 boues
421 2271 457 2317 ibi
467 2278 515 2317 sta·
536 2273 621 2333 foedo.
655 2272 718 2318 unde
734 2272 787 2319 illie
804 2272 924 2320 stabulari
944 2272 1013 2319 boues
1031 2271 1094 2319 Solis
1111 2271 1157 2330 fo-

74 2356 165 2403 bulari.
540 2356 596 2404 bula
614 2365 654 2404 est.
691 2357 740 2405 Sed
749 2357 858 2418 dificilis
870 2359 934 2406 ratio
952 2364 985 2404 est
998 2355 1155 2415 quorundam,

541 2443 621 2501 utique
638 2440 681 2489 ubi
696 2449 785 2503 tenipus
801 2443 851 2490 eius
869 2444 907 2490 rei
922 2443 951 2490 de
969 2459 1018 2503 qua
1035 2443 1158 2502 quaeritur

540 2526 716 2574 r'rtobseruatum
732 2529 769 2575 rel
785 2530 898 2575 incertum
916 2536 973 2574 est.
994 2565 998 2573 .
1019 2563 1024 2573 .
1045 2563 1050 2572 .

578 2616 600 2661 8.
628 2614 699 2659 Mare
722 2628 776 2660 nero
799 2613 921 2660 cadavera
938 2620 1112 2672 stramentaque
1136 2621 1159 2659 et

542 2697 717 2758 naufrayorum
736 2699 829 2757 reliqua
849 2699 939 2745 similia
951 2713 980 2744 ea
991 2699 1073 2745 intimo
1084 2700 1159 2745 trabit

542 2797 585 2830 nee
602 2789 694 2829 tantum
711 2790 845 2844 tempestate
868 2785 1000 2843 fluctuque,
1026 2785 1069 2830 sed
1091 2792 1158 2831 trun·

544 2869 644 2927 ouillum
663 2883 752 2928 qumque
766 2869 937 2928 placidumque
950 2876 1076 2930 pareatur.

166 2973 214 3029 Ex
235 2972 292 3028 hoo
315 2975 474 3046 conspeetu
497 2971 588 3029 Plinii
618 2976 648 3030 et
669 2970 798 3030 Seneess
820 2973 979 3031 vorborum
1002 2973 1099 3031 elucet
1121 2973 1157 3030 il-

77 3076 142 3133 lum
171 3073 201 3130 in
229 3071 306 3130 libro
325 3072 357 3130 II
387 3080 418 3132 et
439 3075 520 3133 huno
547 3074 578 3132 in
601 3074 678 3132 libro
699 3074 749 3131 III
770 3075 806 3131 ad
830 3076 955 3133 eundem
977 3075 1090 3134 fontem
1112 3094 1158 3132 re-

78 3175 153 3233 dire.
199 3174 228 3231 Si
253 3175 320 3251 quis
343 3179 441 3233 sutem
464 3177 618 3235 contendit
639 3176 723 3234 illum
747 3177 835 3234 huius
858 3177 966 3234 librum
989 3177 1159 3236 adhibuisse

78 3277 118 3336 ad
149 3295 202 3333 sua
232 3277 461 3350 conscribenda,
493 3279 542 3337 sed
567 3297 633 3336 eum
662 3278 694 3335 in
714 3282 869 3337 suetorum
898 3278 997 3338 indice
1019 3279 1160 3352 omisisse,

78 3379 128 3457 (ut
150 3377 237 3436 etism
262 3378 294 3435 in
316 3376 387 3437 libb.
411 3379 502 3452 XVI,
526 3380 653 3453 XXXI,
676 3379 835 3452 XXXIII,
859 3379 996 3453 XXXV,
1020 3381 1160 3440 XXXVI

65 3474 201 3540 'Plinius
222 3480 354 3541 Vitruvii
378 3481 463 3540 libris
486 3503 572 3555 usus,
602 3488 702 3542 tamen
725 3481 854 3541 suetonis
877 3501 986 3540 nomen
1007 3483 1039 3540 in
1061 3483 1159 3542 indies

80 3584 156 3642 libb.
180 3583 294 3641 XXXI
317 3590 347 3642 et
369 3584 514 3643 XXXIII
536 3583 744 3660 r'etieuit)²⁶),
778 3589 871 3656 errat,
894 3602 961 3641 nam
984 3584 1048 3642 eius
1069 3587 1161 3645 verba

81 3685 215 3742 Senecae
231 3685 381 3744 simillima
396 3706 435 3744 ex
450 3688 507 3745 hoe
522 3691 640 3763 sumpta
655 3705 719 3744 esse
734 3690 895 3764 nequeunt,
913 3687 983 3765 quia
993 3687 1042 3746 hio
1053 3708 1161 3747 nomen

81 3787 203 3863 Cephisi
219 3787 352 3846 fluminis
369 3792 399 3846 et
413 3788 576 3848 insularum
592 3789 712 3867 Lydiae,
736 3788 961 3862 Calaminnrum,
985 3810 1044 3848 non
1060 3791 1162 3850 attulit

81 3908 182 3968 neque
205 3889 309 3948 salutis
332 3889 491 3950 multorum
508 3893 618 3952 civium
640 3893 672 3950 in
695 3890 773 3949 bello
789 3891 994 3951 Mithridatico
1017 3891 1160 3952 meminit.

155 4096 199 4157 26)
217 4095 375 4144 Dstlslssnus
392 4094 455 4143 haee
472 4094 532 4141 mihi
549 4093 664 4154 probavit
681 4095 707 4142 in
724 4095 814 4143 Philol.
834 4096 864 4142 31
884 4108 939 4155 pag.
952 4094 1003 4156 sss
1016 4108 1069 4154 sqq.
