2616 4582
549 265 761 333 ..38-

200 427 248 483 Ex
269 426 324 482 hac
347 425 565 500 comparatione
594 426 783 485 manifestum
815 426 861 484 est
883 423 1014 482 Plinium
1038 429 1069 483 et
1091 423 1183 484 Vitru-

114 529 194 586 vium
219 529 343 586 oundcm
365 533 513 585 auctorem
537 528 635 607 sequi,
668 527 839 587 Varronem.
885 528 933 585 Ex
955 546 989 585 cc
1013 525 1093 584 enim
1115 525 1183 585 Soli·

114 650 170 688 nus
187 629 254 701 VII,
272 629 310 686 27
335 626 376 702 (p.
393 633 443 701 66,
463 632 497 685 ll
524 628 672 707 Momms.)
695 629 811 689 docuit:
841 629 946 706 ,reae
975 630 1113 704 opinatur
1134 629 1184 685 duo

114 735 142 788 iu
168 734 284 788 Boeotio
307 750 367 787 esse
388 731 515 807 flumina
539 740 645 788 uotiua
670 731 738 788 licet
759 733 889 808 dispari,
924 730 1068 788 miraculo
1099 739 1184 786 torreo

113 853 169 890 uon
192 835 392 907 discrepante:
417 851 536 908 quorum
553 833 676 890 alterum
699 836 729 890 si
748 833 864 891 ovillum
883 852 971 910 pecus
989 833 1106 891 debitat
1123 832 1184 909 pul·

115 937 171 993 laur
193 934 270 1011 ficri
296 934 402 991 cclorz's
431 935 668 1011 praedicamenti,
704 936 825 993 ollarias
853 935 978 1005 horeste,
1010 954 1185 1012 quaestorque

114 1039 247 1095 vellerum
270 1036 359 1116 fusco
382 1039 450 1106 seht,
476 1038 504 1093 in
527 1038 679 1094 candidum
702 1035 787 1095 uerti'
816 1042 846 1096 et
868 1036 936 1108 VH,
958 1040 994 1094 la
1018 1036 1059 1114 (p.
1077 1043 1126 1110 63,
1144 1037 1185 1114 8):

113 1126 218 1218 ,Varro
237 1137 371 1216 perhibet
388 1138 501 1217 sontem
525 1141 555 1196 iu
578 1140 709 1198 Arcadio
732 1160 810 1210 esse,
843 1142 925 1197 ouius
948 1141 1099 1197 interimat
1118 1139 1183 1196 hou·

113 1240 200 1299 stas)
243 1240 301 1298 iila
329 1242 404 1300 ratio
434 1260 500 1299 oum
525 1240 654 1302 Vitruvii
677 1241 693 1319 ξ
713 1246 765 1314 14,
797 1243 870 1301 haec
900 1261 966 1300 cum
995 1241 1089 1299 Plinii
1113 1238 1129 1318 5
1149 1244 1181 1297 26

114 1344 269 1404 consentit.
298 1343 386 1402 Illinc
398 1362 516 1423 quoque
530 1343 658 1418 perspici
671 1344 750 1416 lieet,
774 1344 921 1422 quomodo
935 1342 1092 1403 Vitruvius
1107 1344 1183 1401 fonte

113 1469 165 1507 suo
195 1467 266 1505 usus
295 1447 341 1506 sit.
385 1447 462 1503 Nam
494 1465 559 1504 cum
582 1445 675 1503 Varro
705 1447 736 1503 in
767 1445 961 1526 sequentibus
992 1464 1032 1505 ex
1060 1445 1183 1520 Ieigcno,

114 1550 197 1609 cuius
225 1549 317 1608 verba
345 1552 462 1607 servata
491 1552 576 1618 sunt,
608 1548 685 1621 apud
715 1547 933 1606 Ps-Sotionem
958 1552 992 1606 2:
1024 1540 1130 1626 Κρήνη
1157 1543 1184 1605 ἒν

116 1652 332 1725 Κλαζομεναῖς,
366 1640 419 1721 ἀφ’
442 1634 477 1724 ἧς
500 1641 536 1704 toi
560 1644 718 1725 θρέμματα
741 1649 864 1707 πίνοντα
890 1641 943 1724 τήν
966 1645 1053 1726 ipius
1075 1669 1182 1729 χρωμα-

112 1754 196 1829 τίνην
218 1756 306 1824 ποιεῖ,
331 1743 372 1820 cic
395 1749 506 1829 ἱστορεῖ
526 1742 544 1808 ὅ
566 1747 780 1828 προειρημένος
801 1745 951 1831 Ἰσίγονος,
974 1754 1011 1811 de
1025 1754 1111 1812 fonte
1126 1751 1181 1811 (tlo-

114 1856 314 1914 aomcniorum
338 1855 449 1933 ahquid
473 1858 615 1925 narraret,
638 1855 793 1916 Vitruvius
816 1855 892 1913 hanc
915 1859 946 1913 et
966 1856 1182 1914 antecedentem

112 1959 251 2016 fabellam
274 1959 309 2015 de
332 1957 419 2028 Mola,
443 1956 580 2031 Caphisa,
604 1957 713 2029 Peneo,
736 1957 859 2016 Xantho
883 1957 1018 2016 confudit
1040 1962 1071 2016 ct
1089 1976 1184 2015 eorum

113 2081 190 2140 aqua
213 2081 272 2120 non
295 2078 381 2130 oves,
414 2063 448 2117 ut
470 2057 580 2130 Varro,
612 2060 663 2118 sed
686 2064 788 2135 partus
810 2078 911 2117 earum
944 2057 1073 2135 (Isigoni
1101 2054 1185 2137 θρέμ-

113 2165 202 2238 ματα)
226 2161 332 2220 mutari
356 2160 441 2219 dixit.

202 2267 360 2323 Praeterea
389 2263 447 2319 iam
477 2263 585 2322 Rosius
615 2265 729 2342 (anecd.
753 2262 864 2322 Graeca
886 2265 901 2321 Ι
923 2284 952 2339 p.
967 2263 1018 2340 10)
1049 2262 1186 2322 Varronis

116 2366 353 2426 narratiunculas
376 2366 411 2422 de
433 2364 566 2424 fontibus
582 2367 632 2424 Cei
649 2372 679 2425 et
693 2367 799 2424 Zamae
821 2385 867 2441 ap.
884 2365 983 2424 Plinio
1005 2365 1037 2444 (ξ
1057 2366 1118 2443 16),
1140 2366 1187 2425 ubi

114 2469 195 2527 illius
221 2486 328 2526 nomen
351 2468 487 2538 affertur,
522 2487 586 2526 cum
610 2467 740 2527 Vitruvii
764 2465 799 2545 §S
818 2472 942 2525 22-24
972 2469 1141 2544 composuit
1161 2473 1188 2527 at

115 2577 195 2630 recte
226 2569 393 2641 contendit,
426 2588 485 2649 qua
505 2568 538 2626 iu
560 2590 592 2628 re
616 2571 753 2628 Erwiuus
776 2570 881 2628 Rhode
905 2589 972 2627 eum
995 2576 1116 2630 secutus
1138 2575 1187 2643 est,

115 2675 278 2732 Varronem
299 2671 390 2728 Plinii
414 2678 444 2729 ct
460 2671 588 2730 Vitruvii
611 2673 725 2730 iontem
747 2672 848 2744 fuisse,
871 2677 902 2730 et
924 2672 1025 2730 docuit
1048 2692 1117 2730 eum
1140 2691 1190 2732 sua

116 2797 154 2834 ex
175 2777 295 2850 lsigono
318 2772 520 2849 hausissem).
565 2773 640 2830 Nam
664 2774 700 2832 de
723 2775 805 2833 fonte
821 2773 1010 2848 Carthaginis
1032 2776 1113 2850 apud
1128 2777 1189 2834 Pa.-

185 3018 229 3075 33)
248 3013 348 3060 Erravit
360 3013 527 3069 Detlefsenus,
546 3012 587 3070 qui
600 3011 725 3059 contendit
742 3013 758 3058 l.
772 3013 788 3057 l.
808 3027 832 3071 p.
846 3013 911 3061 394:
929 3013 1067 3072 „Dagegen
1080 3014 1193 3062 weichau

116 3104 155 3150 die
174 3099 366 3160 einzelaugaben
384 3097 444 3144 iiber
462 3097 643 3158 merkwiirdige
662 3098 766 3155 quellen,
785 3099 867 3156 fliisse,
887 3111 945 3144 seen
962 3111 985 3143 u.
1000 3111 1019 3145 s.
1034 3113 1080 3157 va,
1098 3100 1193 3148 welche

116 3189 206 3235 Vitruv
224 3187 313 3243 machi,
332 3185 455 3231 dur-chaus
472 3199 523 3230 von
541 3184 620 3230 denen
638 3183 679 3229 bei
695 3184 791 3230 Plinius
808 3183 847 3241 ab,
866 3183 965 3231 cbwohl
981 3197 1033 3230 von
1053 3184 1192 3232 denselben

116 3277 256 3335 gewassern
270 3272 309 3318 die
322 3271 380 3317 rede
392 3271 431 3328 ist,
451 3283 478 3315 so
492 3270 548 3316 dass
561 3270 605 3314 wir
617 3269 701 3328 sehon,
720 3270 777 3318 dass
788 3269 882 3317 Plinius
900 3268 954 3316 hier
972 3269 1082 3317 anderen
1094 3273 1194 3320 schrift·

116 3361 216 3408 stellam
242 3358 336 3420 geiolgt
356 3356 389 3402 ist
412 3357 450 3402 als
468 3355 523 3401 dem
542 3355 631 3401 Vitruv
655 3355 705 3401 und
728 3357 812 3402 seinen
830 3357 1094 3416 gewithrsminoern.“
1130 3359 1193 3406 For·

116 3451 182 3493 tasse
201 3444 283 3501 etiam,
303 3456 365 3501 quae
384 3440 540 3489 Detlcfsenus
553 3440 660 3487 Plinium
678 3441 704 3486 in
721 3440 784 3487 libro
797 3441 883 3487 XXXI
901 3456 931 3489 ex
943 3442 1059 3489 Vitruvio
1078 3443 1193 3492 hausisse

115 3532 201 3589 voluit,
219 3535 321 3588 uterque
339 3543 369 3574 ex
387 3527 499 3574 Varrone
517 3527 627 3586 sumpsit.

183 3617 322 3663 Paullulum
338 3615 460 3673 corrigere
473 3613 590 3661 debemus
602 3613 671 3660 Rosii
689 3619 713 3660 et
724 3613 814 3660 Rohdii
832 3613 973 3661 sententias.
1009 3615 1074 3660 Nam
1091 3621 1195 3675 praeter

117 3704 244 3763 Isigonum
262 3702 341 3748 Varro
368 3701 441 3747 etiam
466 3715 496 3746 ex
513 3700 646 3748 Posidonio
669 3701 787 3747 nonnulla
805 3700 901 3759 hausit,
928 3699 977 3746 nisi
1001 3699 1133 3759 opinamur
1151 3702 1195 3749 vi-

116 3789 198 3836 truvio
215 3789 284 3834 illum
301 3785 437 3833 adhibitum
455 3799 516 3832 esse.
553 3785 690 3846 Scriptores
708 3786 773 3832 enim
792 3799 853 3844 quos
870 3785 962 3844 laudat,
982 3784 1194 3846 Theophrastum,

117 3876 252 3932 Timaeum,
270 3872 437 3930 Posidonium,
457 3871 597 3930 Hegesiam,
616 3872 777 3929 Herodotum,
797 3871 937 3930 Aristidem,
956 3871 1126 3919 Metrodorum
1144 3875 1194 3921 iam

116 3963 142 4008 in
160 3960 227 4007 toute
245 3973 300 4006 eum
318 3958 409 4017 legisse
427 3971 528 4004 necasse
547 3962 590 4004 est
625 3957 707 4004 Etiam
720 3958 838 4005 Varronis
850 3962 942 4014 auctor,
961 3956 1085 4016 Isigonus,
1104 3973 1193 4007 omnes

117 4061 159 4095 aas
177 4058 385 4092 commemorasse.
397 4044 468 4090 facile
487 4047 524 4090 est
541 4043 572 4089 ad
591 4043 773 4101 coniciendum,
800 4048 897 4103 praeter
915 4043 1089 4103 Posidonium,
1117 4059 1193 4104 quern

58 4166 65 4181 .
116 4133 157 4180 ille
176 4131 245 4191 sequi
263 4130 306 4177 vix
323 4129 411 4192 potuit.
447 4129 527 4176 Varro
545 4129 619 4190 igitur
636 4133 736 4189 praeter
752 4128 879 4190 Isigonum
898 4127 1025 4176 Posidonii
1050 4128 1131 4177 libros
1150 4130 1192 4178 ad·
