2616 4582
511 282 703 347 „5-

64 440 151 500 Bake
173 459 202 517 p.
219 439 281 516 53).
326 439 394 499 Ηοο
417 459 487 499 sone
510 443 620 499 eertum
644 444 690 499 est
711 439 882 500 Lucretium
903 439 1035 500 voluisse
1058 438 1146 499 torri·

64 543 135 601 dam
155 542 311 616 regionem
332 542 496 604 habitatam
518 560 591 614 esse,
615 547 649 601 ut
664 540 843 601 Posidonius
857 542 963 603 voluit.
1006 542 1052 601 Do
1074 541 1146 618 Epi-

64 645 130 705 ouri
153 645 303 705 sententio
325 645 401 703 nihil
424 644 548 716 seimus,
571 645 623 703 sed
645 644 741 718 oredo,
765 644 789 703 si
814 645 884 724 quid
908 663 942 703 eo
964 645 1001 702 de
1022 662 1055 702 ro
1077 643 1145 703 roli-

64 767 160 827 quum
188 752 281 820 esset,
314 764 380 821 eum
403 745 573 805 Aristotelis
603 745 772 821 opinionem
803 752 936 806 secutum
959 764 1023 806 esse
1052 745 1146 804 mani·

62 850 176 910 festum
207 850 281 907 fore:
324 847 419 906 Porro
450 867 515 907 oum
545 848 609 907 fere
641 848 744 907 eodem
775 849 856 922 loeo,
889 869 948 928 quo
979 848 1016 906 de
1047 847 1146 907 ooloro

62 951 232 1011 incolarum
254 951 436 1026 Aethiopum
465 950 582 1010 loeutus
610 953 672 1023 ost,
701 950 880 1010 Posidonius
907 951 943 1010 de
965 950 1026 1008 Nili
1049 949 1145 1009 inore-

62 1057 167 1112 monto
195 1072 262 1111 oum
284 1052 424 1112 Lucretio
448 1051 583 1112 docuerit
611 1052 689 1129 opud
712 1052 887 1112 Strabonem
909 1054 951 1126 Π,
972 1058 999 1125 3,
1017 1058 1034 1110 3
1057 1072 1086 1128 p.
1104 1058 1143 1110 98

63 1155 116 1233 (fr.
134 1155 187 1233 68)
210 1145 282 1223 τούς
305 1149 337 1212 δὲ
355 1151 541 1231 πληροῦντας
559 1146 612 1213 τὸν
629 1155 740 1212 Νεῖλον
757 1145 892 1230 ὄμβρους
909 1151 942 1213 ἐκ
961 1155 1021 1213 τῶν
1036 1151 1146 1212 Αἰθιο-

62 1257 165 1315 πικοῖν
194 1249 275 1334 ὀρῶν
305 1253 487 1332 συμβαίνειν.
532 1257 625 1314 ταῦτα
654 1248 680 1314 d'
703 1249 795 1314 elusio
825 1252 959 1314 ἐνταῦθα
986 1252 1018 1315 ἐν
1046 1247 1146 1326 ἄλλοις
1177 1252 1180 1258 ’

64 1362 215 1438 συγχωρεῖ
234 1352 334 1434 φήσας
357 1351 499 1417 ὑπονοεῖν
521 1351 577 1437 ὅρη
601 1349 676 1417 εἶναι
698 1352 735 1416 roi
752 1350 812 1417 ὖπό
831 1360 872 1440 τῷ
890 1355 1050 1441 ἰσημερινῷ
1067 1353 1146 1437 πρός

63 1456 85 1520 ii
102 1456 286 1539 ἑκατέρωθεν
306 1453 368 1520 duo*
386 1462 446 1519 τῶν
461 1453 616 1540 εὐκράτου
638 1455 755 1536 ἀμφοῖν
775 1459 999 1538 προσπίπτοντα
1013 1454 1051 1521 τοὶ
1067 1458 1144 1538 νέφη

62 1567 164 1624 ποιεῖν
186 1557 256 1633 τούς
279 1555 423 1642 ὄμβρους,
445 1566 609 1626 verisimile
624 1585 688 1625 esse
705 1553 997 1643 opinor'Luoretium
1013 1566 1144 1626 rationes

62 1687 134 1728 suos
162 1687 222 1727 non
252 1686 291 1726 ex
313 1668 442 1744 Epicuro
470 1668 526 1728 sibi
558 1668 718 1745 sumpsisse
746 1669 797 1728 sed
825 1687 864 1726 ex
886 1666 1039 1727 Posidonii
1065 1666 1143 1726 libro

62 1765 131 1848 περὶ
153 1760 307 1827 Ὠκεανοῦ.
353 1770 455 1830 Nihilo
479 1770 575 1830 secius
596 1772 676 1830 haud
699 1770 804 1846 ignoro
824 1789 891 1828 eum
913 1774 1020 1846 poetae
1042 1774 1142 1830 auoto-

60 1891 127 1934 rem
156 1872 249 1931 fuisse
276 1873 334 1933 hoo
362 1893 422 1933 uno
452 1872 517 1932 loco
541 1873 736 1932 demonstrari
765 1892 825 1932 non
853 1892 940 1949 posse
964 1876 995 1932 et
1017 1873 1055 1930 ob
1078 1890 1142 1930 eom

59 1995 126 2036 rem
156 1975 245 2034 otiam
276 1975 349 2034 alias
381 1975 462 2034 illius
493 1974 642 2034 doctrinas
673 1975 766 2035 stoico
798 1974 978 2052 philosopho
1009 1974 1141 2034 tribuero

59 2077 232 2153 temptabo,
263 2096 296 2137 oo
319 2077 448 2153 primum
470 2075 590 2156 quidem
612 2077 649 2135 do
671 2079 823 2152 versibus,
853 2078 962 2157 quibus
984 2078 1020 2137 do
1044 2081 1141 2137 terrae

59 2178 194 2240 motibus
216 2178 280 2255 agit
301 2178 506 2258 (ese-607),
529 2178 681 2238 disseram.
