2616 4582
524 247 740 311 ...21-

89 402 208 464 verbis:
230 410 293 479 ,out
312 403 434 478 spiritus
452 405 587 478 agitatio'
610 405 705 483 e.q.s.)
729 408 759 465 et
774 405 962 478 Posidonius,
987 405 1039 485 qui
1054 406 1170 484 hiatum

91 494 272 591 ‘pauperior'
294 505 470 581 appellavit,
502 506 536 563 in
557 525 619 582 cap.
637 510 675 564 25
701 507 851 566 dixerunt.

180 605 292 668 Qudni
325 607 417 681 igitur
445 607 620 683 Epicuream
651 608 814 668 doctrinam
848 609 966 668 aliunde
998 610 1171 670 illustrarit?

90 708 141 768 Ita
156 708 353 767 Anaximenis
374 710 467 767 verba
482 709 681 768 Posidoniano
705 711 842 786 exemplo
866 712 901 768 de
923 711 1054 786 plaustro
1078 712 1172 787 magis

90 810 249 886 perspicua
280 810 368 883 fecit,
404 811 448 867 ia
476 831 524 870 vv.
550 815 609 868 568
635 831 699 890 sqq.
738 831 848 870 noxam
884 812 1089 873 inclinationis
1119 834 1171 872 ex-

89 912 209 988 posuit,
241 913 277 972 de
305 931 364 991 qua
391 911 504 970 Seneca
532 930 570 969 ex
593 913 754 971 Posidonio
782 914 875 972 refert
903 932 967 990 cap.
984 919 1033 987 21,
1050 920 1085 974 2:
1116 935 1172 992 ,res

90 1015 207 1071 minime
235 1016 264 1072 in
287 1014 450 1071 huiusmodi
477 1033 546 1072 cusu
569 1017 679 1085 noxio,
711 1018 789 1073 sicut
810 1017 896 1103 longe
913 1019 1108 1094 perniciosior
1129 1026 1173 1074 est

89 1116 244 1174 irrelinutio
274 1119 470 1174 concussione.
503 1135 568 1173 nom
592 1119 652 1174 ru'si
672 1118 804 1175 celeriter
826 1138 863 1175 en
885 1119 978 1175 alteru
997 1128 1083 1194 porte
1101 1138 1172 1194 pro-

87 1222 239 1296 peraverit
259 1227 361 1289 motus,
387 1221 439 1294 qui
459 1219 598 1276 inclinato
622 1221 767 1288 restituat,
793 1222 879 1277 ruina
894 1222 1056 1278 necessario
1078 1222 1172 1297 sequi-

91 1320 224 1396 tur’1‘1).
267 1319 317 1379 Sic
338 1320 427 1379 etiam
451 1340 517 1378 cum
540 1320 643 1394 sciret,
676 1321 784 1396 spiritu
806 1320 918 1380 nullam
942 1322 1081 1380 maiorem
1104 1340 1171 1380 oau-

90 1441 155 1481 sam
178 1440 241 1482 esse
264 1423 424 1481 secundum
447 1422 617 1498 Epicurum,
641 1423 837 1482 Anaximenis
860 1424 1017 1484 sententiis
1038 1423 1172 1499 magistri

90 1524 268 1584 auctoritate
298 1524 484 1599 praemissis,
515 1523 609 1582 solum
632 1525 769 1600 spiritum
799 1529 896 1584 motus
919 1530 1068 1584 auctorem
1090 1524 1172 1597 fecit,

91 1627 145 1686 sed
169 1645 245 1706 quae
268 1643 379 1701 genera
400 1626 579 1684 Posidonius
601 1626 638 1683 ad
653 1630 776 1686 ventum
801 1627 925 1699 rettulit,
947 1627 1172 1686 inclinationem

93 1727 284 1808 (atanarico),
307 1728 421 1787 hiatum
444 1725 630 1804 (χασματίαν)
653 1729 806 1787 horrorem
827 1726 1023 1805 ’(σεισματίαν)
1046 1762 1088 1772 -
1111 1729 1171 1805 pri-

90 1851 173 1890 mum
197 1832 276 1890 enim
299 1849 393 1906 genus
416 1827 618 1908 βρασματίαν,
641 1835 675 1889 ut
698 1830 811 1890 Seneca
832 1849 894 1907 cap.
913 1837 952 1889 22
976 1833 1062 1890 docet
1082 1851 1172 1906 rupes

91 1933 265 1993 decidentes
288 1933 429 2005 effecisse,
454 1932 564 1992 stoicus
586 1931 637 1991 ille
660 1933 856 2010 philosophus
879 1934 1018 2009 opinatus
1041 1953 1104 1992 esse
1126 1934 1170 1994 ri-

91 2037 179 2096 detur
201 2069 244 2078 -
265 2035 312 2094 his
331 2035 451 2111 Epicuri
476 2035 638 2095 doctrinam
662 2035 831 2095 moderatus
853 2040 905 2095 est.
951 2036 997 2094 Ob
1022 2055 1086 2094 eam
1108 2055 1170 2094 rem

90 2137 232 2215 exempla
260 2156 299 2195 ex
327 2137 488 2198 Posidonio
520 2138 555 2196 de
584 2136 706 2210 Sidone,
740 2138 851 2213 Aegio,
885 2141 983 2197 cetera
1010 2138 1112 2198 attulit
1141 2144 1171 2197 et

88 2242 218 2300 fortasse
249 2241 285 2298 de
313 2241 436 2299 horrore
465 2238 565 2299 omnia
593 2238 701 2298 hausit.
745 2238 822 2298 Sane
850 2240 963 2299 Seneca
986 2245 1041 2313 24,
1066 2247 1083 2298 4
1113 2240 1170 2298 ait:

89 2343 223 2421 ffllmmv,
249 2344 353 2418 inquis,
379 2361 430 2399 ceu
452 2361 514 2399 crim
528 2341 650 2420 frigore
668 2341 872 2411 inhorruimus,
900 2351 1005 2399 tremor
1027 2345 1166 2419 sequitur,

89 2445 135 2502 sic
158 2452 252 2501 terres
274 2463 382 2520 quoquc
411 2446 533 2520 spiritus
562 2447 742 2501 intrinsecus
763 2445 894 2501 occidens
915 2444 1066 2521 quossut.''
1095 2445 1172 2520 quod

90 2547 270 2604 nullomodo
290 2555 387 2622 potest
398 2546 482 2624 fieri.
515 2547 615 2621 algere
631 2549 703 2604 enim
727 2545 816 2617 debet,
843 2555 874 2602 ut
896 2548 967 2604 idern
989 2548 1038 2604 illi
1056 2547 1173 2604 occidet

89 2649 169 2727 quod
194 2647 286 2717 nobis,
319 2667 388 2725 qttos
416 2658 537 2706 auterno
566 2665 653 2705 causa
685 2651 714 2705 in
744 2648 892 2705 horrorem
923 2652 997 2725 ogit.
1036 2651 1169 2706 occidere

90 2759 186 2808 urrtcm
210 2759 304 2807 terroe
325 2751 417 2808 srinile
439 2749 573 2827 quiddam
596 2758 713 2808 nostroe
735 2751 901 2829 affectioni,
925 2752 976 2809 sed
996 2771 1051 2809 non
1074 2772 1111 2808 en
1128 2754 1168 2808 si-

90 2854 252 2911 milicuusu
265 2856 463 2911 concesserim.
488 2853 572 2911 Illum
586 2854 708 2909 interior
718 2862 749 2937 et
758 2852 847 2910 ultim
858 2855 967 2910 iniuria
979 2852 1059 2910 debet
1069 2854 1168 2928 impel-

91 2959 171 3016 lere:
196 2958 279 3014 euius
301 2957 346 3012 rei
360 2964 558 3031 argumentum
577 2957 624 3013 nel
645 2958 797 3013 tricesimum
814 2955 867 3012 hoc
886 2963 1068 3030 potestesse,
1093 2954 1170 3032 quod

89 3079 154 3118 cum
179 3059 335 3116 uehementi
354 3067 431 3115 motu
453 3059 621 3134 adopertum
646 3060 759 3134 ingenti
777 3059 862 3115 rnino
886 3059 978 3115 solum
1000 3065 1059 3126 est,
1093 3065 1167 3114 totos

88 3180 301 3238 nonnumquam
332 3161 416 3218 urbes
446 3171 474 3219 et
502 3163 607 3238 recipit
632 3163 728 3219 iiotus
760 3162 809 3218 ille
838 3170 868 3218 et
888 3160 1038 3218 abscondit
1131 3201 1162 3215 ..

90 3265 164 3325 idem
190 3266 296 3322 Stilone
319 3263 458 3321 occidisse
479 3264 630 3321 Posidonio
653 3261 817 3340 crede!¹⁸)

177 3365 251 3425 Tum
273 3367 477 3427 inclinationis
499 3372 529 3426 et
543 3367 642 3426 hiatus
658 3385 762 3425 causae
777 3366 976 3443 explicantur.
1021 3364 1167 3423 Videlicet

86 3472 198 3530 horror
226 3474 256 3529 et
276 3469 377 3530 hiatus
405 3469 493 3529 etiam
525 3471 603 3545 apud
625 3469 767 3528 Senecam
796 3468 947 3527 coniuncti
975 3472 1052 3527 sunt.
1097 3467 1165 3525 Meo

89 3605 298 3617 ....-—----

162 3675 206 3732 1⁷)
224 3672 319 3719 Similia
341 3672 436 3733 profert
460 3672 556 3719 Plinius
580 3673 621 3732 11,
643 3675 706 3730 198,
733 3671 776 3718 ubi
802 3670 944 3718 Aristotelis
968 3675 1068 3718 meteor.
1088 3670 1128 3729 11,
1148 3673 1164 3718 8

87 3775 141 3809 non
158 3757 278 3816 adhibuit,
297 3772 444 3818 quamquam
463 3762 535 3805 antea
553 3762 578 3804 et
593 3762 680 3817 postea
698 3757 751 3804 eins
768 3755 832 3804 libro
851 3771 948 3817 semper
965 3757 1048 3803 utitur.

162 3847 205 3903 18)
223 3844 315 3892 Terrae
333 3844 413 3890 simile
431 3843 522 3902 aliquid
540 3843 642 3889 evenire
667 3847 740 3900 atque
757 3842 855 3902 corpori
872 3843 979 3888 humano
1003 3842 1053 3888 iam
1071 3842 1165 3888 Aristo·

86 3932 152 3978 telas
177 3929 260 3977 docuit
284 3933 384 3977 meteor.
404 3927 612 3987 11,8p.eeeb
632 3929 663 3975 15
677 3942 730 3987 sqq.
754 3931 778 3974 et
796 3925 890 3974 Seneca
908 3927 957 3986 VI,
976 3929 1023 3984 14,
1042 3929 1065 3973 2.
1101 3926 1165 3973 Con·

87 4015 230 4064 cessionem
247 4015 274 4062 in
286 4016 404 4062 directam
422 4018 446 4061 et
462 4012 488 4058 in
507 4019 674 4060 transversam
692 4014 791 4073 plagam
808 4013 862 4060 lieri
873 4012 953 4059 voluit
969 4012 1034 4059 idem
1053 4012 1164 4071 (mateor.

87 4103 124 4163 11,
144 4103 160 4149 8
177 4115 201 4162 p.
216 4100 290 4150 asab
311 4102 342 4148 23
355 4098 422 4160 sqq.)
441 4113 472 4145 ex
489 4099 582 4146 maiore
599 4099 642 4146 vel
659 4099 753 4145 minora
771 4101 846 4146 vento
864 4098 890 4144 in
907 4102 974 4145 terra
991 4097 1095 4144 condito.
