2616 4582
553 258 764 322 ..12-

120 417 227 486 euenit,
263 424 294 473 ut
319 424 419 492 partes
448 416 509 474 ecies
539 423 677 472 uetustate
704 416 873 486 solvantur,
907 414 1020 471 solutae
1041 414 1150 471 cadutrt
1171 423 1202 471 et

121 527 269 576 tremorem
291 517 488 594 superioribus
510 516 655 597 adferant,
677 519 801 594 primum
824 517 888 574 dum
911 515 1090 575 abscedunt!

207 619 290 684 Quae
313 620 448 701 sequitur
470 619 606 679 doctrina
627 619 765 696 Epicuri,
788 617 934 698 ‘fortasse
956 619 1051 676 eulr'da
1075 620 1117 675 νίν
1139 621 1199 695 spi-

119 724 193 780 ritus
214 725 244 780 in
266 724 359 798 ignem
382 740 465 780 verm
488 730 518 779 ct
527 719 655 800 fulmini
672 723 776 780 sinaiis
801 739 862 776 οταν
891 738 997 795 magna
1019 729 1121 796 strage
1148 720 1199 777 οδ-

119 827 254 883 stantiam
267 823 392 904 fertur’,
418 824 477 883 iam
496 827 692 899 Anaxagorae
714 823 859 900 placebat,
883 821 934 900 qui
956 823 1033 898 apud
1054 821 1198 881 Senecam

120 925 172 998 VI,
190 932 249 1000 9,1
276 926 331 986 ait:
354 925 454 1004 piata·
469 945 562 1002 paene
582 947 619 984 aa
641 944 730 984 euersa
752 935 781 984 et
802 929 871 983 aera
889 926 1005 981 coucuti
1025 933 1053 981 ct
1076 933 1194 996 terram,

119 1046 181 1084 eum
199 1031 228 1086 in
244 1026 383 1107 inferiore
393 1037 483 1104 parte
496 1029 615 1104 spiritus
637 1046 767 1086 crassum
783 1031 852 1085 aera
875 1028 946 1084 etin
962 1025 1049 1084 nates
1066 1036 1198 1084 coactum

120 1131 216 1187 eudem
240 1131 282 1200 oi,
315 1148 370 1207 qua
393 1130 472 1206 apud
492 1148 544 1187 nos
567 1150 677 1208 quoquc
698 1129 799 1190 atthila
813 1128 928 1209 frangi
947 1129 1057 1199 solent,
1090 1131 1199 1206 rumpit

117 1239 147 1288 et
168 1234 247 1308 agnis
274 1252 311 1289 aa
338 1232 391 1289 loe
413 1232 524 1290 conlatu
554 1231 669 1292 raubettus
699 1251 840 1309 cursuque
867 1231 934 1289 elisi
960 1232 1040 1289 atris
1068 1233 1194 1288 emicuit.

119 1334 166 1390 lu‘e
187 1335 248 1410 ι’μαο
270 1336 300 1392 iu
322 1332 406 1391 obora
429 1337 555 1393 incurrit
571 1337 678 1393 entiam
696 1352 835 1414 qrcacreus
853 1353 888 1392 ac
904 1332 1014 1391 divellit
1028 1351 1196 1409 repugnan-

119 1437 177 1506 tia,
202 1434 289 1494 donee
308 1454 362 1512 per
383 1445 508 1512 angusta
532 1446 585 1495 aut
603 1446 706 1496 nactus
728 1446 771 1496 cst
790 1439 865 1494 uiam
883 1436 1009 1494 exeundi
1028 1436 1067 1493 ad
1086 1436 1195 1493 coelum

119 1547 170 1596 aut
187 1541 218 1597 αι’
238 1547 266 1596 ct
282 1539 389 1597 iniuria
402 1537 505 1618 sccit’
548 1539 586 1597 In
608 1543 695 1598 sexto
718 1539 824 1598 deiude
846 1538 956 1614 placito
979 1537 1124 1616 ‘sortasse
1142 1557 1195 1614 pa·

118 1641 223 1699 Irtstres
245 1649 273 1699 ct
294 1642 418 1698 tacentes
440 1659 531 1718 σμαστ
553 1642 659 1718 ulz'qtu‘s
671 1642 769 1722 status
791 1641 914 1718 impellit
928 1650 958 1696 et
972 1640 1037 1698 inde
1052 1649 1105 1697 aut
1119 1643 1195 1698 ιὀιαε

119 1751 224 1800 terram
247 1741 355 1820 quatit'
384 1742 547 1804 Democriti
569 1744 719 1807 sententia
747 1745 875 1823 ‘spiritus
898 1761 964 1800 vero
986 1761 1194 1820 αοαααοιρααοι

120 1844 242 1919 impellit
259 1843 349 1902 undar
371 1854 401 1902 et
413 1847 442 1902 si
462 1846 649 1903 vehementius
666 1846 784 1916 sustitit,
804 1864 866 1904 eam
881 1846 996 1903 scilicet
1007 1853 1120 1921 purtem
1136 1854 1194 1903 ter-

120 1966 172 2004 rae
194 1955 301 2017 mouet,
328 1949 356 2004 iu
379 1965 462 2025 quam
485 1957 601 2006 coactas
623 1966 713 2031 aquas
734 1945 857 2016 iutulr't’,
882 1948 1024 2019 refertur,
1048 1947 1098 2007 sed
1125 1948 1193 2027 quis

117 2048 251 2108 nltimam
280 2067 396 2108 caueam
427 2059 488 2128 ‘arat
516 2051 636 2128 spr'ritus
664 2050 786 2126 agitatre
816 2051 878 2126 ι’μεο
908 2058 984 2106 motu
1012 2068 1144 2107 crescens
1166 2058 1196 2107 et

117 2170 148 2208 se
170 2152 296 2210 incitans
325 2151 362 2210 ab
384 2154 440 2211 imo
463 2154 492 2211 iu
514 2170 624 2211 summa
647 2170 733 2228 usquc
751 2150 911 2229 perfertur'
939 2155 1008 2211 ante
1030 2153 1192 2228 Epicurum

118 2253 262 2327 docuerit,
284 2254 393 2314 iterum
414 2255 570 2315 nescimus.

202 2354 333 2419 Quarum
347 2357 497 2417 rationum
512 2375 589 2437 quae
604 2375 669 2419 cum
682 2355 868 2416 Lucretianie
883 2355 1050 2417 consentit?
1079 2354 1192 2419 Quarta

118 2477 183 2518 cum
200 2458 406 2519 Anaximenea
421 2458 561 2534 Lucretii,
579 2477 655 2539 quae
671 2458 763 2518 estin
777 2480 826 2521 vv.
840 2462 997 2534 ott—47,
1020 2463 1050 2519 et
1065 2459 1191 2535 septima

115 2560 242 2620 fortasse
270 2580 337 2621 oum
366 2580 414 2635 ea,
446 2581 535 2642 quam
562 2560 724 2637 discipulus
746 2562 886 2638 exposuit
912 2562 945 2621 in
966 2583 1015 2625 vv.
1033 2562 1190 2621 ort-eo.

115 2645 227 2721 Tamen
256 2662 314 2723 hoo
342 2668 455 2723 certum
483 2683 545 2724 non
573 2668 628 2724 est.
677 2663 874 2724 Anaximenis
902 2668 1001 2724 autem
1027 2664 1191 2724 sententias

114 2763 173 2822 iam
191 2765 229 2823 ab
244 2765 373 2842 Epicuro
395 2770 530 2843 receptas
546 2784 610 2826 esse
632 2785 672 2826 ex
694 2771 799 2845 quarta
820 2767 936 2827 ratione
957 2767 1045 2826 huius
1066 2768 1191 2843 apparet

114 2869 145 2925 et
167 2885 206 2925 ex
227 2867 315 2927 aetio
339 2867 463 2943 111,15,
482 2873 518 2928 ll
544 2867 587 2946 (p.
603 2873 727 2928 esraa
750 2867 860 2945 Diela):
881 2860 1058 2948 Ἐπίκουρος
1080 2863 1190 2944 iniiga·

115 2971 189 3027 σθαι
212 2963 266 3045 μὲν
287 2961 348 3029 tirsi
371 2965 486 3048 ιτάχοος
508 2964 597 3051 ἀέρος
618 2971 673 3030 τοῦ
695 2961 895 3047 ἀποκειμένου
912 2962 1087 3040 ὑδατώδους
1102 2961 1189 3038 ὄντος

113 3061 360 3148 ἀνακρουομένην
387 3066 482 3151 αὐτὴν
509 3071 561 3133 καὶ
589 3065 654 3136 οἷον
680 3065 930 3150 διτοτνιττομὲνην
950 3076 1112 3134 κινεῖσθαι·
1143 3068 1189 3132 ἒν-

114 3165 252 3247 δέχεσθαι
275 3168 379 3235 δὲκαὶ
403 3170 579 3258 σηραγγώδη
608 3179 671 3246 τοῖς
691 3172 847 3256 κατωτέρω
870 3172 970 3256 μέρεσι
991 3176 1188 3235 καθεστῶσαν

114 3262 174 3330 circi
203 3275 256 3333 τοῦ
285 3274 530 3359 διασπειρομένου
559 3271 729 3354 ιινεάματος
750 3277 792 3351 εἰς
814 3275 868 3351 τάς
890 3276 1069 3360 ἀντροειδεῖς
1090 3271 1187 3339 κοιλό-

113 3403 203 3459 τητας
225 3365 424 3456 ἒμιτίτιτοντος
446 3376 631 3442 σαλεύεσθαι.
677 3385 787 3444 Eorum
804 3385 883 3444 enim
905 3384 1082 3463 placitorum
1104 3383 1187 3459 prius

114 3483 294 3544 Anaximeni
325 3484 412 3544 valde
440 3484 536 3545 simile
566 3488 624 3558 eat,
656 3487 781 3547 alterum
803 3487 934 3548 Lucretii
962 3506 1012 3548 vv.
1030 3485 1186 3544 557-76.

113 3588 219 3646 Restat
239 3586 340 3660 igitur,
362 3592 396 3646 ut
417 3591 533 3649 tautum
554 3606 694 3648 versuum
715 3593 776 3647 590
791 3610 855 3670 sqq.
878 3590 992 3650 fontem
1013 3589 1092 3664 apud
1114 3588 1187 3664 Epi·

113 3708 215 3766 curum
231 3707 415 3768 quaeramus.
459 3691 504 3749 De
526 3690 573 3750 hia
596 3695 694 3751 autem
717 3690 794 3749 nihil
815 3691 969 3751 invonitur
990 3710 1089 3771 neque
1106 3691 1187 3766 apud

112 3791 254 3850 Senecam
276 3799 374 3872 neque
395 3794 473 3870 apud
496 3794 616 3854 Aitium
638 3811 735 3872 neque
758 3794 836 3868 apud
851 3792 1016 3870 Diogenem
1032 3793 1185 3853 Laertium

112 3893 144 3950 in
167 3894 294 3969 epistula
315 3895 438 3972 Epicuri
459 3897 496 3955 ad
518 3897 702 3975 Pythoclem.
747 3895 824 3954 Sane
846 3895 1006 3955 dolendum
1027 3902 1081 3969 est,
1105 3897 1185 3976 quod

114 4013 152 4052 cx
175 4014 210 4053 ea
231 3990 350 4073 paulum
372 3997 447 4057 lucri
468 3997 608 4061 facimus:
638 4008 696 4060 tam
727 4000 852 4060 obscura
873 4003 933 4073 eet,
965 3999 1116 4080 tantisque
1138 4000 1185 4058 in·

113 4116 202 4174 super
231 4098 314 4160 vitiis
343 4098 532 4160 librariorum
561 4101 727 4181 inquinata.
770 4101 911 4177 Legimus
940 4101 984 4161 ibi
1012 4101 1044 4161 in
1074 4100 1185 4180 §1052
