2616 4582
480 256 759 336 '-4o-

118 427 196 504 Ergo
219 447 312 487 unum
334 429 507 506 paradoxon
529 432 635 505 poetae
657 427 750 488 stoioo
779 426 824 487 illi
852 426 1030 505 philosopho
1057 428 1116 488 iam
1138 431 1189 489 ad·

118 530 230 607 scripsi.
274 530 332 590 Sed
354 531 412 590 alio
433 530 595 601 mirabilia,
627 550 703 610 quae
725 534 815 607 poeta
836 529 991 607 exposuit,
1019 529 1110 590 iidem
1135 532 1188 593 tri·

117 632 235 692 buenda
251 652 315 693 osse
332 633 409 693 fonti
428 633 570 710 suspioor.
613 634 650 692 In
672 653 721 694 vv.
739 634 907 693 too—840
928 633 964 692 de
986 633 1052 693 laou
1066 636 1188 694 Averno

117 734 215 810 agitur
221 781 230 810 ,
254 737 331 812 apud
354 736 459 796 Cumas
481 736 555 808 sito,
588 738 663 814 ‘aare'
681 737 800 814 sulpure
821 738 926 794 montis
950 736 1066 813 Oppleti
1085 737 1190 795 calidis

118 837 168 896 uli
186 836 308 918 sumant
326 837 463 916 fontibus
484 837 578 896 ousti'
608 839 644 896 de
666 839 773 918 quibus
795 837 901 898 Strabo
924 838 952 900 V
973 857 1002 915 p.
1020 843 1080 896 244
1104 837 1190 899 dioit:

118 930 169 998 τόν
195 958 226 997 τε
254 937 518 1019 Πυριφλεγέθοντα
548 936 581 998 ἐκ
603 942 662 999 τῶν
683 941 808 1019 θερμῶν
835 933 955 1000 ὑδάτων
985 937 1190 1019 ἐτεκμαίροντο

119 1045 177 1102 eoin
199 1041 324 1120 πλησίον
345 1040 399 1103 καὶ
422 1044 474 1120 τῆς
494 1035 689 1122 Ἀχερουσίας.
733 1043 848 1104 Fabula
871 1045 907 1103 de
929 1045 1019 1103 odoro
1048 1044 1189 1121 pestifero

117 1146 198 1206 lasus
230 1146 343 1208 Averni
374 1147 474 1224 paullo
506 1148 623 1206 demum
655 1150 724 1206 anto
756 1147 888 1208 Lucretii
921 1150 1048 1207 aetatem
1078 1146 1190 1206 Romae

118 1249 205 1308 fidem
226 1249 365 1309 habuisse
387 1249 519 1324 videtur,
548 1268 616 1308 nom
639 1251 755 1310 anliuo
777 1251 937 1326 Antipater
959 1249 1038 1326 apud
1060 1247 1190 1307 Plinium

118 1351 238 1423 XXXI,
258 1357 297 1410 21
329 1352 451 1412 tradidit
480 1351 631 1411 Timaeum
661 1357 794 1413 secutus:
826 1354 913 1431 ‘opud
938 1370 991 1410 nos
1020 1353 1049 1409 in
1071 1353 1189 1408 Averno

117 1457 200 1514 ettam
223 1454 305 1535 solio
334 1453 500 1527 subsidere’,
533 1455 642 1530 Varro,
674 1463 709 1518 ut
737 1456 857 1518 videtur
888 1456 921 1514 in
953 1452 1057 1532 primia
1089 1452 1193 1512 rotulit

117 1577 190 1638 ‘oves
212 1577 285 1636 quoe
306 1557 505 1616 advolaverunt
526 1557 638 1616 emori)
680 1559 790 1618 Postea
805 1559 869 1619 aius
883 1558 930 1620 via
951 1555 1107 1617 mortifero
1128 1573 1190 1614 sae-

116 1661 238 1738 pissime
266 1665 519 1721 commemoratur.
564 1663 675 1721 Eodem
698 1665 797 1721 nutem
818 1660 923 1735 modo,
953 1679 1012 1739 quo
1034 1658 1190 1719 Lueretius

116 1764 147 1823 in
169 1785 219 1825 vv.
236 1764 382 1822 tos—46
406 1768 438 1823 ot
460 1768 621 1839 818-29,
645 1767 681 1824 do
703 1765 813 1825 tolibns
834 1763 908 1824 lonis
929 1761 1035 1823 Italiae
1058 1761 1191 1838 disputat

116 1867 229 1928 Sanoua
249 1867 285 1924 N.
303 1863 339 1927 Q.
356 1866 408 1939 VI,
425 1871 475 1939 28,
494 1871 525 1927 l:
547 1868 642 1944 ‘Quill
667 1869 743 1945 quod
760 1865 896 1944 plurilus
917 1866 1023 1924 Italiae
1045 1865 1118 1923 loeis
1136 1883 1190 1942 per

117 1970 253 2047 quaedam
268 1967 419 2048 foramina
438 1971 575 2046 pestilens
599 1969 755 2028 enialotur
777 1988 879 2046 uapor,
905 1988 983 2047 quem
1004 1988 1063 2028 non
1084 1968 1193 2027 lamini

116 2073 236 2142 lusere,
269 2090 325 2129 non
339 2069 429 2150 serae
457 2081 545 2130 tutum
567 2076 634 2132 est?
664 2090 730 2130 oues
752 2090 860 2149 quoque
881 2073 960 2130 siin
982 2072 1062 2130 illum
1084 2071 1191 2130 inutile·

116 2176 191 2246 mist,
224 2183 374 2251 antequam
396 2176 475 2234 ooelo
497 2177 615 2234 meliore
636 2176 780 2245 leniatur,
815 2176 845 2232 in
867 2175 928 2252 ipso
957 2174 1054 2232 uolatu
1083 2173 1191 2230 uadunt

117 2278 258 2355 liventque
279 2296 404 2353 corporo
426 2287 531 2338 elnon
553 2279 640 2337 aliter
661 2297 742 2356 quom
762 2296 817 2355 per·
839 2279 895 2335 uim
913 2276 1001 2334 elisue
1019 2274 1122 2353 sauses
1145 2283 1190 2331 tu·

115 2387 200 2438 orient.
247 2380 302 2437 Hie
328 2383 451 2458 spiritus
477 2382 611 2459 quamdiu
642 2382 730 2438 terris
756 2381 919 2437 continetur
942 2378 1022 2436 tenui
1039 2376 1191 2457 foramine

105 2484 217 2563 fluens,
242 2501 299 2541 non
317 2483 388 2559 plns
407 2485 552 2560 potentine
573 2482 667 2554 nater,
692 2501 776 2560 quum
799 2490 831 2538 ut
848 2481 1041 2556 despectantis
1062 2487 1092 2536 et
1112 2478 1189 2536 ultro

114 2584 172 2643 sibi
192 2585 285 2643 i'nlata
307 2582 454 2661 conficiat.
486 2584 537 2644 ubi
557 2604 613 2663 per
642 2586 738 2643 secula
766 2583 897 2643 conditus
927 2580 1050 2640 tenebris
1079 2598 1114 2637 uo
1137 2580 1190 2638 tri·

114 2687 197 2745 stitia
220 2685 279 2745 looi
299 2688 392 2746 erevit
411 2690 440 2747 in
463 2690 578 2760 uitium,
613 2690 677 2764 ipsa
700 2688 878 2765 ingravescit
898 2704 996 2754 mora,
1027 2685 1114 2760 peior
1135 2700 1189 2760 quo

115 2790 243 2866 segnior.
279 2808 342 2848 eum
364 2794 473 2850 ercitum
495 2800 597 2851 nactus
618 2800 676 2862 est,
710 2799 854 2848 oeternum
883 2787 957 2848 illud
982 2787 1111 2846 umbrosi
1125 2786 1189 2865 fri·

112 2893 196 2969 gorio
220 2893 323 2951 malum
345 2902 375 2952 et
395 2894 538 2975 infernam
553 2902 661 2952 nostem
680 2894 770 2952 noloi't
785 2910 820 2949 oo
834 2892 961 2968 regionis
983 2899 1099 2949 nostroe
1120 2893 1189 2948 oe'ro

115 2994 263 3074 infuscat?
285 3014 367 3076 e.q.s.
411 2996 513 3056 Simila
535 2995 648 3078 aliquid
670 2995 749 3054 idom
769 2993 873 3055 retulit
894 2993 953 3068 ΙΠ,
970 2998 1027 3053 21:
1049 2993 1092 3072 ‘In
1107 3011 1189 3071 quos·

114 3097 180 3155 lam
195 3116 295 3174 specus
317 3099 368 3176 qui
388 3097 550 3176 desperem,
575 3100 749 3157 moriuntur.
780 3106 838 3155 tom
856 3097 940 3155 uelox
955 3096 1061 3155 malum
1078 3105 1130 3168 est,
1158 3105 1192 3154 ut

116 3200 328 3258 transvolantes
356 3219 422 3259 oues
444 3203 566 3260 dei'otut:
600 3202 667 3260 tali's
688 3209 733 3258 est
754 3204 821 3271 οόν,
854 3200 1040 3271 latiniacus,
1074 3220 1112 3257 eu
1133 3219 1187 3277 quo

115 3300 212 3359 letalis
232 3319 307 3379 aquo
330 3302 465 3361 distillat.
513 3306 593 3380 Quod
612 3308 641 3363 si
660 3305 809 3364 remissior
829 3301 895 3382 fuit
916 3305 993 3360 aei‘is
1014 3311 1043 3361 et
1064 3303 1123 3361 loci
1138 3323 1188 3381 po·

113 3404 180 3474 stis,
204 3403 266 3479 ipso
289 3423 396 3482 quoque
419 3408 602 3485 temperatior
623 3426 701 3465 nouo
723 3406 799 3465 nileil
819 3406 941 3482 amplius
963 3423 1046 3483 quam
1069 3413 1188 3482 temptat

113 3539 320 3551 ——-.

185 3630 229 3696 38)
253 3633 334 3680 Etiam
351 3633 502 3694 Pomponius
519 3633 585 3679 Mela
602 3631 636 3691 11,
653 3633 685 3680 43
705 3628 738 3697 (p.
753 3632 794 3689 43,
808 3633 840 3678 12
853 3644 906 3690 sqq.
925 3629 1052 3693 Porthey.)
1071 3635 1095 3677 ot
1113 3630 1188 3677 Plinii

115 3721 161 3786 (11,
175 3716 236 3783 228)
254 3725 338 3766 auctor
350 3720 380 3767 do
392 3720 459 3767 fonte
472 3719 607 3766 Dodonaeo
625 3717 657 3765 ab
670 3718 756 3765 eodem
774 3716 839 3764 libro
850 3716 958 3776 pondere
971 3715 1094 3763 videntur.
1117 3716 1188 3763 Pom·

112 3807 205 3870 posius
230 3804 300 3853 dioit:
327 3806 363 3868 ‘In
381 3805 459 3867 Epiro
477 3805 594 3853 Dodonae
611 3804 680 3852 louis
696 3804 806 3865 templum
830 3810 852 3850 ot
866 3803 928 3864 foras
944 3802 998 3850 ideo
1015 3817 1099 3861 noser,
1124 3802 1190 3862 quod

115 3907 172 3940 oum
190 3891 221 3940 sit
231 3891 342 3952 sripidm
360 3898 382 3938 et
393 3891 516 3939 immersus
526 3892 600 3953 faces
618 3892 678 3938 auoit
695 3891 766 3938 ceteri
783 3890 924 3950 eustinpuot,
941 3889 983 3937 uln'
998 3889 1048 3938 sine
1065 3890 1119 3950 ipne
1130 3904 1188 3948 pro·

112 3981 156 4028 oui
172 3979 339 4038 admonentur,
358 3976 483 4027 accentu!
517 3979 625 4026 Plinius:
651 3978 688 4043 ‘In
706 3977 805 4025 Dodone
821 3977 889 4024 louis
898 3976 961 4037 fons
979 3992 1031 4025 cum
1047 3977 1079 4025 sit
1095 3975 1188 4036 polidus

113 4075 138 4116 et
154 4067 279 4114 immersos
288 4066 359 4127 fusis
376 4066 519 4125 eustinpuat,
537 4066 561 4113 ai
576 4065 705 4113 eustinotoe
722 4065 902 4124 admoneantur,
920 4064 1035 4112 aseendit.
1064 4065 1126 4113 idem
1142 4079 1188 4112 me·

111 4152 178 4204 nidis
195 4168 286 4215 semper
303 4150 388 4213 definit,
407 4167 455 4212 qua
472 4152 502 4200 de
519 4167 596 4201 eausa
613 4143 800 4214 ἀναπαυόμενον
818 4147 920 4199 uocanti
936 4164 1001 4210 equ.

968 4243 991 4295 4
