2616 4582
558 227 749 292 ...9-

114 385 170 443 aut
194 381 261 460 ipsa
282 383 389 442 tellure
412 385 530 443 coortus
552 383 682 442 maxima
704 404 770 443 oum
786 384 817 444 vi
839 384 871 442 in
893 384 958 444 loca
980 403 1052 444 cava
1074 403 1106 444 se
1128 405 1196 445 oon-

112 485 188 545 iecit
210 485 304 544 stibi
327 489 378 544 aut
398 486 529 546 fremens
552 506 618 545 cum
640 486 770 546 tumultu
791 490 936 560 versatur,
960 488 1053 546 donec
1068 487 1115 548 vis
1131 487 1195 548 eius

112 591 200 648 motu
220 587 313 647 incita
334 587 486 663 exagitate
507 588 586 647 foras
609 588 776 665 erumpitur
798 594 829 649 et
845 592 955 648 terram
977 607 1084 664 magno
1107 588 1196 648 hiatu

114 689 264 763 diffindit,
297 693 350 750 aut
378 691 439 767 (vv.
458 690 638 768 591-600)
668 691 776 750 sinon
805 691 973 768 prorumpit
1001 709 1098 769 neque
1126 691 1197 751 satis

111 792 245 869 impetus
265 792 357 853 habet
379 795 415 852 ad
437 797 547 853 terram
570 793 803 870 dirumpendum,
825 813 880 870 per
902 794 1006 853 crebra
1028 792 1093 852 eius
1115 794 1196 852 fora·

113 894 199 954 mina
212 895 367 955 horrorem
384 896 530 973 dispertit,
553 900 588 956 ut
607 915 714 973 corpus
732 899 868 957 nostrum
887 896 997 970 tremit,
1021 914 1088 954 cum
1102 895 1197 970 frigus

110 999 148 1057 in
165 1000 246 1058 artus
260 999 473 1075 penetraverit.
519 998 577 1063 Qui
600 999 706 1058 horror
728 1002 886 1078 postquam
903 998 1019 1071 accidit,
1044 997 1198 1074 trepidant

112 1103 196 1160 tecta
218 1106 249 1160 et
268 1100 407 1160 homines
429 1109 566 1171 metuant,
593 1101 705 1179 deserar
728 1119 870 1160 cavernas

294 1205 442 1262 terrulae
464 1203 608 1262 drksoluot
626 1212 733 1261 nutura
756 1212 883 1281 repenle,

293 1326 348 1364 neu
370 1306 508 1364 ιίιζνίνοοίο
531 1325 611 1364 crtum
635 1306 693 1363 late
715 1306 868 1384 dispandat
889 1306 1000 1364 hiatum

294 1410 386 1487 adque
407 1411 467 1466 ναῖε
490 1407 611 1488 confuso
633 1408 704 1466 velit
723 1409 866 1485 complere
886 1410 989 1467 ruricio.

112 1511 233 1571 Similia
263 1512 336 1571 haec
362 1513 455 1572 verbe
483 1516 554 1571 sunt
582 1511 635 1586 iis,
667 1512 776 1591 quibus
804 1511 1093 1584 AetiusIIL15,4
1117 1512 1196 1569 Ana-

114 1632 250 1689 xagorae
273 1614 437 1674 doctrinam
460 1614 616 1691 exposuit:
639 1607 729 1692 σἰἐρος
748 1606 893 1672 ὑποδύσει
912 1615 948 1696 τῇ
965 1607 1018 1688 μὲν
1033 1604 1196 1687 πυκνότητι

114 1718 172 1792 τῆς
195 1713 372 1790 ἐπιφανείας
401 1715 657 1796 προσπίπτοντος,
688 1718 730 1798 τῷ
752 1711 783 1774 δὲ
805 1713 936 1795 ἐκκρισιν
958 1712 1058 1790 λαβεῖν
1081 1708 1121 1790 μὴ
1145 1706 1196 1772 dri·

112 1822 231 1879 νασθαι
259 1811 361 1902 τρόμῳ
394 1812 426 1878 τό
460 1815 595 1897 περιέχον
627 1816 848 1898 κραδαίνοντος.
895 1818 1032 1877 Priorem
1063 1816 1196 1877 Lucretii

113 1923 296 1984 sententiam
312 1922 370 1982 iem
384 1920 680 1984 Aristoteles'habuit
690 1923 722 1980 in
734 1923 885 1982 metereol.
896 1921 939 1994 Π,
953 1925 970 1979 8
985 1939 1016 1996 p.
1028 1921 1126 1994 3661),
1140 1925 1196 1979 32:

112 2019 177 2104 ἤδη
198 2019 255 2106 γόρ
279 2017 399 2103 σεισμός
421 2022 453 2084 ἐν
474 2018 579 2094 τόποις
607 2022 665 2083 τισὶ
688 2017 842 2105 γινόμενος
872 2018 909 2082 οὐ
932 2015 1078 2102 πρότερον
1100 2018 1195 2099 ἔληξε,

114 2127 190 2208 πρίν
213 2124 339 2209 ἐκρήξας
361 2125 404 2199 εἰς
425 2121 478 2187 τόν
501 2118 575 2207 όπέρ
599 2129 653 2206 γῆς
668 2121 763 2187 τόπον
780 2128 918 2208 φανεροῖς
936 2119 1034 2204 όόσπερ
1057 2121 1198 2200 ἐκνεφίας

114 2227 241 2309 ἐξῆλθεν
263 2223 281 2291 ό
301 2227 424 2309 κινήσας
447 2223 565 2308 όνεμος,
589 2235 619 2290 et
641 2231 691 2290 alii
714 2231 886 2308 philosophi
908 2231 986 2308 apud
1001 2229 1143 2291 Senecam
1158 2231 1195 2288 N.

116 2335 153 2399 Q.
177 2334 230 2410 VI,
249 2340 296 2410 14,
313 2341 331 2395 4
356 2337 528 2396 docuerunt.
815 2327 820 2343 '

202 2438 309 2518 Itaque
331 2442 366 2498 ut
386 2438 419 2496 in
440 2459 489 2499 vv.
507 2437 653 2497 543-57
678 2438 911 2498 demonstratum
926 2442 972 2499 est
986 2440 1096 2498 terram
1112 2456 1195 2497 susm

116 2541 213 2619 ipsius
234 2559 351 2602 causam
374 2540 578 2602 concussionis
601 2557 666 2599 esse
688 2539 823 2617 pertibus
846 2540 978 2600 eiusdem
1001 2540 1120 2613 solutis,
1153 2539 1196 2600 sic

116 2644 149 2702 in
172 2664 222 2705 vv.
240 2642 409 2702 557-607
433 2648 523 2720 poeta
544 2627 632 2702 aliam
655 2660 732 2717 rem,
755 2647 893 2716 rentum,
917 2661 1034 2704 causam
1057 2662 1121 2702 esse
1143 2662 1192 2704 vo·

116 2745 183 2806 luit.
227 2745 287 2805 Hic
308 2749 417 2807 ventus
445 2746 542 2806 tribue
569 2745 736 2806 rationibus
758 2749 874 2806 movet:
906 2749 958 2805 ant
979 2745 1013 2804 in
1034 2747 1114 2804 terra
1136 2744 1196 2804 col·

117 2848 213 2909 lectus
236 2849 383 2908 obnititur
405 2848 554 2926 speluncis
573 2848 775 2909 subterraneis
792 2851 823 2908 et
840 2848 942 2922 efficit,
965 2853 1000 2908 ut
1013 2851 1111 2908 terrae
1126 2867 1195 2924 pers

115 2951 237 3012 vacillet
254 2951 338 3013 velut
359 2950 512 3026 navigium
529 2954 620 3012 vento
643 2950 828 3024 inclinatum,
852 2956 903 3011 aut
925 2953 980 3010 sub
1003 2954 1083 3011 terra
1104 2969 1194 3026 vage·

116 3057 165 3113 tus
188 3053 318 3130 erumpit
341 3057 372 3113 et
392 3053 506 3113 hiatum
528 3053 615 3127 facit,
647 3055 714 3127 aut,
744 3052 769 3113 si
790 3051 907 3113 validus
930 3073 989 3112 non
1013 3056 1073 3127 est,
1107 3053 1194 3112 modo

115 3156 269 3216 horrorem
291 3155 408 3216 incutit.

204 3257 285 3323 Quas
302 3277 404 3318 causas
421 3258 501 3321 undo
523 3257 581 3316 sibi
603 3259 730 3334 sumpsit
750 3257 860 3334 poeta?
896 3256 963 3321 Qua
977 3277 1044 3317 cum
1060 3255 1195 3318 doctrina

115 3362 140 3423 si
164 3361 287 3437 Epicuri
318 3361 481 3421 sententies
510 3360 546 3419 de
569 3360 889 3421 concussioneterrce
919 3361 1137 3439 componimus,
1168 3361 1194 3420 is

115 3464 168 3546 qui
188 3469 308 3540 poetam
330 3465 498 3524 Romanum
521 3481 560 3522 ex
582 3463 711 3539 Epicuro
740 3467 855 3523 tantum
878 3462 1092 3544 Epicureisque
1121 3463 1194 3522 hau·

114 3568 190 3629 sisse
213 3587 266 3628 sua
288 3566 389 3640 credit,
412 3566 500 3629 valde
517 3565 683 3638 mirabitur,
706 3567 785 3646 quod
801 3565 963 3643 similitudo
979 3565 1085 3624 mirum
1102 3585 1193 3646 quan-

114 3677 179 3733 tum
209 3671 319 3746 exigua
348 3674 401 3729 est.
446 3671 535 3727 Haud
564 3669 669 3742 ignoro
700 3669 819 3747 quidem
848 3668 1010 3745 Epicurum
1038 3669 1195 3728 XXXVII

113 3775 209 3834 libros
231 3769 297 3851 περὶ
323 3765 443 3847 φύσεως
465 3772 617 3850 scripsisse
633 3773 710 3832 etin
727 3771 855 3848 epistula
870 3777 901 3831 at
913 3772 1090 3850 Pythoclem
1105 3772 1192 3831 modo

113 3878 268 3954 epitomen
290 3880 438 3936 servatam
461 3895 534 3950 esse,
558 3879 588 3935 et
610 3894 682 3950 eam,
708 3895 784 3956 quae
807 3875 880 3955 quin
903 3875 939 3933 ab
964 3875 1092 3952 Epicuro
1115 3875 1194 3935 facta

115 3984 208 4053 esset,
231 3981 290 4040 iam
313 3978 507 4038 Philodemus
530 3979 735 4057 dubitavitl),
759 3979 912 4039 tamenin
936 3978 1084 4053 doctrina,
1116 3996 1193 4058 quae

183 4118 210 4176 6)
234 4116 265 4165 of.
284 4115 345 4163 voll.
363 4115 585 4164 Herculanensium
609 4116 721 4164 collectio
747 4117 827 4163 alters
851 4114 864 4162 1
886 4128 911 4176 p.
926 4115 982 4162 152.
1019 4113 1135 4174 Dilning,
1163 4114 1193 4162 de
