2616 4582
514 276 727 342 ..19-

80 422 252 505 ττνετίματος
273 425 316 498 τίς
340 422 376 489 τοί
392 425 561 507 κοιλώματα
583 434 635 509 τῆς
655 434 711 513 γῆς
734 427 904 504 είσδτίοντος
924 427 945 509 ἢ
963 431 1161 512 καθειρχθέν-

80 552 134 603 τος
156 524 324 608 πνεύματος
354 529 385 592 ἐν
413 535 451 616 τῇ
478 537 533 617 γῇ,
564 527 650 593 καθοί
679 551 754 612 φησι
778 530 982 606 Ποσειδώνιος
1013 533 1044 595 ἐν
1065 538 1102 619 τῇ
1124 533 1161 613 η’.

82 625 162 694 εἶναι
186 627 213 693 d’
236 627 337 693 αὐτῶν
359 629 430 705 τούς
452 631 507 710 μὲν
529 635 716 712 σεισματίας,
745 632 816 709 τούς
838 633 869 698 δὲ
892 637 1069 716 χασματίας,
1093 633 1163 709 τούς

81 732 117 797 δὲ
138 735 307 814 κλιματίας,
330 731 401 808 τούς
423 733 455 797 δὲ
476 737 728 818 βρασματίαςῑί).

170 843 212 900 At
233 841 347 900 &neca
367 841 400 899 in
425 860 488 918 cap.
506 847 590 915 21,2
613 862 653 902 ex
675 842 836 902 Posidonio
860 845 917 902 duo
941 846 1028 904 modo
1051 864 1161 919 genera

80 943 286 1004 concussionis
300 945 389 1004 affert
410 945 646 1022 ,succussionem
669 964 732 1003 cum
750 954 828 1003 tuuc
844 949 974 1022 quatitur
997 955 1027 1004 et
1046 966 1160 1004 surorum

80 1065 117 1105 σο
132 1046 262 1104 deorsum
281 1056 418 1118 movetur,
445 1052 475 1106 et
496 1047 729 1121 inclinationem,
752 1067 808 1124 quo
832 1050 862 1106 in
884 1049 978 1106 lutera
1001 1058 1087 1107 noua
1107 1069 1162 1107 nc·

80 1150 157 1225 aegri
169 1145 271 1206 τουτο)
299 1149 457 1208 Praeterea
468 1149 574 1208 adicit:
591 1168 654 1226 ,ego
669 1159 698 1207 et
709 1152 822 1207 tertium
836 1150 913 1208 illud
926 1152 1069 1220 euestimo,
1087 1151 1165 1226 quod

79 1260 183 1309 nostro
206 1249 345 1319 uocabulo
374 1252 520 1326 cognatum
550 1259 603 1308 est.
642 1271 698 1310 αοα
721 1254 794 1311 enim
816 1255 879 1310 saue
901 1271 990 1310 eausa
1014 1262 1161 1310 tremorem

81 1361 180 1412 terrae
208 1352 307 1409 duero
337 1354 477 1423 maiores,
513 1355 565 1429 qui
591 1356 705 1429 utrique
731 1355 879 1412 dissimiles
907 1364 959 1411 est.
1007 1356 1081 1412 Nam
1111 1374 1162 1412 aec

78 1457 284 1514 succutiuntur
306 1464 372 1512 tuuc
394 1450 489 1512 omniu
513 1473 564 1513 nee
587 1456 777 1526 τἀοίίασαίαο,
803 1456 855 1513 sed
874 1456 1052 1514 vibrantur.'
1096 1456 1162 1515 Hac

80 1557 253 1616 differentia
273 1558 417 1632 probatur
439 1563 490 1617 aut
505 1555 646 1616 Senecam
664 1576 728 1616 eam
744 1559 992 1631 distributionem,
1017 1562 1050 1616 ut
1066 1561 1162 1618 totum

79 1659 201 1732 librum,
224 1677 285 1717 non
300 1678 339 1718 ex
354 1659 516 1719 Posidonio
537 1660 604 1736 ipso
622 1661 792 1736 sumpsisse,
816 1662 867 1720 sed
883 1679 922 1718 ex
940 1659 1160 1736 Asclepiodoto,

80 1763 136 1842 qui
157 1762 223 1838 ipse
245 1762 378 1836 magistri
393 1760 478 1821 libris
493 1766 632 1835 usuaest,
656 1766 687 1822 et
708 1763 740 1820 in
763 1781 846 1838 capp.
862 1763 900 1820 17
921 1767 951 1821 et
968 1767 1008 1819 22
1032 1761 1101 1820 libri
1118 1760 1161 1818 VI

79 1866 233 1938 laudatur,
256 1869 309 1924 aut
331 1864 523 1923 Posidonium
546 1864 670 1925 diversis
692 1864 765 1923 locis
788 1865 905 1924 diversa
926 1865 1043 1924 ratione
1065 1869 1162 1924 terrae

79 1970 182 2026 motus
197 1966 391 2026 distribuisse.
437 1965 623 2046 Quamquam
645 1973 745 2026 autem
767 1984 833 2025 eum
856 1967 888 2024 in
904 1967 1020 2026 duobus
1043 1965 1162 2041 scriptis

80 2069 120 2128 de
142 2068 387 2128 concussionibus
409 2068 505 2143 egisse
526 2069 597 2127 inde
619 2069 781 2130 verisimile
804 2068 853 2142 fit,
877 2069 956 2148 quod
979 2067 1085 2128 Strabo
1108 2087 1162 2127 sua

80 2171 120 2230 de
141 2171 252 2230 Sidone
275 2190 313 2229 ex
333 2170 411 2230 libro
435 2166 503 2249 περὶ
524 2163 669 2229 Ὠκεανοῦ
691 2171 826 2247 sumpsit,
849 2171 1001 2246 Diogenes
1024 2174 1161 2230 octavum

80 2272 379 2350 metereologicorum
401 2273 604 2350 laudavit15),
628 2279 728 2334 tamen
747 2274 988 2350 Asclepiodotum
1010 2277 1161 2331 auctorem

79 2374 214 2435 Senecae
235 2375 329 2435 fuisse
351 2395 418 2435 cum
440 2375 613 2435 Hermanno
636 2376 719 2435 Diels
733 2375 783 2452 ¹⁶)
806 2375 942 2434 arbitror.
986 2375 1045 2433 Sed
1060 2374 1161 2432 Ascle-

79 2476 222 2553 piodotus
245 2483 372 2557 quatuor
395 2479 513 2557 quidem
537 2498 647 2554 genera
662 2478 897 2550 concussionum,
921 2495 997 2555 quae
1020 2478 1161 2552 magister

80 2598 148 2640 esse
169 2580 280 2654 voluit,
309 2581 342 2638 in
362 2583 420 2640 duo
443 2581 614 2655 coniunxit,
646 2588 746 2641 tamen
774 2580 902 2656 plurima
924 2600 963 2638 ex
986 2598 1020 2639 eo
1042 2579 1161 2654 integra

78 2681 199 2758 petivit.
244 2683 346 2759 Rupes
367 2683 398 2741 in
422 2683 624 2742 subiacentem
639 2701 795 2744 cavernam
811 2683 949 2742 cadentes
971 2700 1073 2740 causas
1096 2699 1160 2740 esse

78 2776 223 2845 tremoris*
248 2788 346 2844 terrae
376 2785 510 2846 narravit
538 2787 616 2861 apud
646 2785 788 2844 Senecam
818 2803 881 2860 cap.
898 2789 938 2841 22
970 2789 1000 2842 et
1022 2783 1160 2858 spiritum

80 2906 200 2948 causam
215 2888 315 2948 hiatus
331 2905 393 2964 cap.
409 2887 456 2947 17.
501 2887 566 2946 Hac
581 2887 614 2946 in
634 2906 722 2946 causa
740 2891 837 2946 terrae
854 2889 974 2957 motum,
999 2904 1058 2963 quo
1074 2883 1160 2943 chal-

80 2989 126 3051 cis
147 2989 311 3063 laboravit,
342 3008 586 3050 commemorasse
608 2990 727 3050 videtur
748 2992 920 3065 ceterasque
943 2985 1159 3056 concussiones,

14 3082 17 3087 ⁸
80 3112 157 3172 quas
179 3091 292 3152 Seneca
313 3093 346 3150 in
368 3111 433 3169 cap.
450 3097 488 3150 25
514 3093 629 3164 attulit,
652 3091 703 3150 ubi
726 3091 806 3149 idem
828 3107 922 3162 genus
945 3091 1002 3160 est,
1026 3087 1106 3165 quod
1127 3088 1160 3144 in

79 3213 147 3271 cap.
159 3195 195 3254 17
212 3199 329 3256 tantum
343 3194 508 3254 accuratius
520 3194 695 3270 explicatur,
718 3196 749 3252 et
762 3191 871 3250 iterum
882 3189 998 3250 Chalcis
1014 3188 1158 3248 laudatur.

78 3299 327 3374 Asclepiodotum
355 3301 454 3357 autem
476 3296 706 3356 Posidonianam
729 3292 894 3354 doctrinam
917 3291 1077 3368 diligenter
1098 3295 1157 3350 ret-

152 3540 196 3599 14)
214 3535 299 3585 Verba
314 3540 372 3584 anta
391 3532 428 3594 είς
444 3531 476 3584 τοὶ
495 3528 643 3598 κοιλώματα
660 3535 749 3582 desunt
770 3533 796 3580 in
814 3531 884 3581 libris
902 3534 1028 3592 mscrptt.‚
1054 3534 1098 3581 sed
1115 3548 1158 3581 ve·

77 3623 179 3673 rusime
204 3623 318 3684 suppleta
336 3626 393 3670 sant
410 3636 426 3669 a
443 3620 558 3682 Menagio
576 3634 607 3667 ex
625 3619 701 3666 Suida
718 3634 738 3667 s.
751 3633 776 3666 v.
797 3612 913 3681 σεισμός.
943 3632 988 3678 pro
1005 3613 1158 3686 ,κλιματίαξ

77 3708 199 3757 traditum
217 3714 255 3756 est
273 3697 442 3778 ιαααματίαξ,
461 3706 526 3765 quod
544 3705 656 3765 intellegi
676 3704 768 3764 nequit,
788 3704 829 3751 vel
847 3696 990 3772 ‘uapurluc'
1008 3705 1073 3761 quod
1091 3704 1157 3751 idem

76 3795 204 3854 significat
228 3797 301 3852 atque
328 3785 485 3864 ικλιμοῑτίας’Ι
521 3791 603 3850 Quam
629 3788 661 3836 ob
685 3804 785 3838 causam
810 3789 904 3836 Bakius
926 3789 1010 3847 legere
1035 3789 1157 3835 voluerit:

78 3874 257 3936 Ποσειδώνιος
275 3874 299 3928 ἐν
317 3876 351 3944 τῇ
370 3873 585 3942 μετεωρολογικῇ,
604 3875 695 3923 nescio.

153 3962 196 4027 15)
213 3966 243 4012 of.
257 3963 390 4024 Scheppig,
408 3964 438 4010 de
452 3963 536 4011 Posid.
549 3962 699 4023 Apameensl
717 3975 807 4021 rerum,
826 3960 945 4021 gentium,
963 3962 1085 4005 terrarum
1097 3959 1156 4005 scri·

77 4055 160 4114 ptore,
179 4050 239 4098 diss.
256 4050 336 4097 Halae
355 4050 429 4096 1869.
465 4049 563 4106 Mdller,
581 4048 612 4094 ad
630 4049 720 4108 fragm.
739 4049 779 4096 tt.

153 4138 195 4197 16)
212 4137 329 4195 Prolegg.
347 4133 498 4193 dcxograph.
517 4146 541 4192 p.
557 4133 595 4180 19.

904 4216 954 4274 (ὶῆ
