2616 4582
543 233 756 297 ..43-

115 394 145 447 et
167 388 282 448 Plinius
305 389 422 447 Eudoxi
451 407 561 447 nomen
583 389 614 447 in
637 389 735 447 indico
757 387 826 446 libri
848 387 882 445 H
903 386 1067 446 attulit-
1087 404 1169 465 neque
1203 398 1206 465 ζ

114 491 323 550 Callimachum
359 510 457 570 neque
492 491 674 566 Antigonum
709 491 809 549 laudat
838 524 879 533 -
913 494 1017 549 contra
1047 508 1091 547 me
1119 507 1167 546 nou

113 599 242 670 pugnat,
276 612 343 650 nam
366 593 483 651 Eudoxi
512 593 604 652 libros
630 593 684 652 vix
713 594 778 669 ipse
798 593 880 668 legit
926 593 1032 651 Nonne
1053 591 1165 651 enimin

114 696 177 754 eius
199 697 283 754 fonte
305 694 394 753 huius
416 714 523 753 nomen
547 696 687 755 traditum
711 716 774 755 esse
797 702 850 771 pot
838 694 913 755 tuit?
1199 678 1206 693 ι

200 797 338 876 Denique
357 798 393 855 de
410 797 497 870 Mela,
520 798 657 875 Cephiso,
680 798 789 871 Peneo,
812 797 934 857 Xantho
951 797 1059 857 certius
1072 794 1166 875 aliquid

114 901 204 962 statui
227 904 334 976 potest,
358 919 422 957 cum
447 901 599 960 credamus
621 900 719 960 nullos
741 901 815 960 alios
831 901 991 977 scriptores
1008 900 1039 957 in
1055 895 1164 958 vitruvii
1197 764 1206 951 l

113 1004 197 1062 fonte
227 1003 359 1061 Varrone
391 1003 558 1062 nominatos
586 1023 665 1078 esse,
699 1023 787 1083 quam
822 1023 897 1082 quos
930 1003 1027 1062 affert.
1069 1003 1112 1060 Ihr
1137 999 1165 1059 iis
1193 966 1206 1081 l

114 1107 192 1165 enim
215 1107 246 1164 in
269 1104 367 1164 indice
390 1105 458 1163 libri
477 1105 511 1163 II
532 1105 664 1164 Pliniani
686 1107 806 1164 nomina
828 1112 944 1167 tantum
959 1105 1078 1178 Timaei,
1099 1103 1165 1163 Posi·
1200 1094 1206 1177 l

114 1209 205 1280 donii,
227 1207 374 1266 Herodoti
396 1208 599 1283 reperiuntur,
636 1209 715 1267 inter
737 1229 811 1288 quos
833 1209 858 1269 si
882 1210 1070 1285 disceptatur,
1097 1207 1166 1267 credo

112 1328 354 1389 unumquemque
377 1327 453 1387 quae
476 1311 512 1367 de
533 1309 571 1369 iis
592 1311 766 1370 fluminibus
789 1316 834 1370 est
855 1311 1101 1371 narratiunculam
1120 1310 1164 1367 Po·
1204 1342 1206 1349 ·

114 1413 229 1472 sidonio
252 1412 432 1471 tributurum
448 1430 520 1484 esse,
544 1413 735 1492 quippedum
753 1416 788 1473 de
805 1414 883 1473 Mela
898 1414 1083 1493 Cephisoque
1103 1412 1165 1470 idon
1203 1414 1206 1475 ξ

113 1535 130 1574 a
152 1517 264 1575 Seneca
287 1513 428 1574 traditum
453 1514 500 1573 sit.
1200 1510 1206 1599 Ἰ

200 1618 282 1676 Haec
303 1618 407 1690 habeo,
430 1636 482 1675 cur
496 1618 688 1677 Posidonium
705 1638 890 1678 communem
904 1618 1034 1679 Senecae
1049 1624 1079 1679 et
1092 1615 1166 1677 Plinii

114 1726 262 1782 auctorem
292 1720 386 1778 fuisse
415 1724 549 1781 statuam.
600 1721 656 1780 Sed
685 1728 811 1800 uterque
839 1743 897 1780 non
928 1742 967 1781 ex
994 1722 1074 1781 illius
1098 1718 1168 1779 libris

113 1824 221 1895 hausit,
244 1823 294 1881 sed
318 1842 356 1880 ex
378 1821 443 1880 aliis
467 1824 668 1899 scriptoribus,
692 1824 743 1903 qui
766 1824 850 1882 illum
873 1824 1085 1897 adhibuerunt,
1106 1843 1166 1893 curn,

115 1928 195 2007 quod
216 1925 334 2001 saepius
356 1930 445 1984 antea
466 1926 592 1998 dictum,
624 1945 711 1985 nemo
733 1927 907 2002 intellegere
929 1928 1038 2004 possit,
1069 1946 1129 1999 cur,
1147 1923 1167 1983 si

113 2031 191 2107 apud
203 2027 394 2087 Posidonium
406 2027 629 2104 Theophrastea
642 2029 777 2102 fuissent,
800 2029 917 2088 Plinius
931 2048 966 2088 ea
982 2049 1097 2106 semper
1110 2027 1167 2087 omi·

114 2133 209 2192 sisset.
253 2132 331 2206 Ergo
355 2136 458 2190 contra
479 2131 686 2190 Hermannum
707 2132 791 2192 Diels
813 2151 919 2191 moneo
943 2133 1023 2192 inter
1044 2133 1167 2192 Senecam

114 2242 145 2294 ct
159 2233 351 2292 Posidonium
374 2232 464 2292 alium
487 2239 635 2294 auctorem
658 2235 838 2295 interfuisse.
882 2237 940 2294 Cur
955 2240 1055 2294 autem
1070 2232 1167 2294 Plinius

112 2340 177 2414 ipse
200 2337 283 2396 stoici
306 2336 386 2394 illius
408 2336 492 2395 libris
514 2357 585 2395 usus
608 2355 671 2396 esse
693 2336 816 2416 nequit?
1199 2402 1202 2409 ¹

200 2440 299 2498 Alium
315 2444 464 2497 auctorem
479 2457 546 2497 eum
562 2439 701 2498 habuisse
723 2446 757 2500 ut
771 2440 922 2512 coniciam,
946 2441 1082 2514 adducor,
1103 2436 1166 2519 quod
1204 2514 1206 2519 Ι

116 2541 133 2621 ὅ
153 2547 212 2601 231
239 2542 408 2600 Mucianum
430 2540 563 2601 laudavit
585 2548 615 2602 et
637 2541 652 2620 5
674 2544 734 2601 227
759 2543 795 2600 de
818 2542 916 2600 Arado
937 2541 1078 2621 loquitur,
1100 2540 1167 2602 ouius
1200 2536 1206 2563 ⁴

113 2632 285 2705 memoriam
308 2643 402 2722 §128
426 2644 495 2702 libri
513 2644 555 2702 V:
585 2655 621 2722 ‘et
650 2647 706 2702 iam
729 2645 806 2702 diota
829 2645 963 2715 Arctior,
998 2648 1073 2704 inter
1098 2658 1166 2722 quam
1198 2660 1205 2677 -·

114 2759 142 2805 et
164 2751 350 2805 continentem
373 2748 395 2803 L
419 2745 515 2803 cubito
538 2748 598 2804 ulto
622 2749 714 2817 mari,
740 2757 773 2805 ut
793 2757 894 2804 auctor
916 2757 960 2804 cst
980 2749 1167 2815 Mucianam

105 2851 192 2929 fonte
213 2851 265 2908 dul
265 2869 307 2907 css
328 2869 402 2927 aquo
427 2850 491 2908 tubo
515 2853 603 2909 coreis
615 2850 705 2928 sacta
729 2869 815 2927 usque
837 2870 854 2906 a
878 2850 950 2907 oudo
974 2848 1115 2920 trodrlrcr’,
1136 2863 1168 2903 ex

113 2954 252 3013 Muciano
274 2953 374 3012 hausit
361 2954 454 3032 t,qui
479 2953 631 3012 Posidonii
654 2952 763 3010 librum
785 2952 1009 3029 exscripsit.

202 3037 350 3118 Quies
298 3061 350 3116 aut
351 3075 394 3114 em
412 3055 565 3114 Posidonii
584 3055 778 3113 eruditionem
794 3055 958 3114 Senecact
945 3040 1106 3129 tradiderit,
1125 3070 1167 3129 pro

115 3166 195 3220 certo
219 3158 359 3217 affirmari
382 3159 494 3238 nequit
475 3157 649 3218 tTamen
677 3176 742 3215 mea
765 3158 884 3236 quidem
911 3158 1075 3232 sententia,
1104 3152 1168 3235 quod

115 3263 174 3320 iam
191 3261 340 3320 Dielesius
363 3262 500 3337 opinatus
516 3265 568 3332 est,
590 3261 640 3319 hic
661 3261 693 3317 in
714 3261 803 3319 tertio
827 3280 945 3340 quoque
968 3261 1044 3320 libro
1060 3263 1170 3320 Nana-

114 3365 187 3423 lium
203 3362 417 3427 Quaestionum
439 3362 519 3421 illius
535 3361 710 3438 discipulum
733 3367 850 3422 secutus
873 3369 918 3422 ost
934 3364 1170 3441 Asclepiodotum.

113 3467 145 3526 Is
168 3467 204 3524 ad
227 3466 357 3542 magistri
382 3466 545 3526 doctrinam
568 3465 788 3542 Theophrastea
811 3466 931 3539 addidit,
955 3469 1006 3526 sed
1029 3468 1172 3527 Mucianus

115 3589 154 3628 ex
172 3569 239 3628 aliis
260 3569 384 3629 fortasse
408 3569 601 3646 scriptoribus
624 3569 768 3628 nonnulla
789 3570 957 3646 paradoxis,
981 3589 1058 3649 quae
1072 3570 1174 3646 legerat

113 3672 146 3730 in
168 3672 320 3731 Posidonii
342 3672 439 3744 libris,
473 3672 613 3744 subiecit,
644 3691 741 3751 nequa
766 3691 837 3732 vero
864 3673 998 3732 consulto
1026 3673 1174 3752 quicquam

116 3793 154 3830 ex
175 3773 249 3849 ipsis
272 3773 467 3851 Theophrasti
491 3774 611 3850 scriptis
632 3775 794 3834 transtulit

201 3876 261 3933 Si'
254 3876 310 3950 1git
311 3897 346 3934 ur
297 3876 513 3935 tStrabonis
537 3875 695 3953 descriptio
718 3878 811 3937 fontis
826 3840 917 3936 Aradi
940 3882 971 3938 et
985 3879 1125 3938 Pliniana
1144 3896 1177 3937 ax

114 3978 276 4037 Posidonio
299 3983 416 4054 sumpta
438 3987 497 4052 est,
471 3979 604 4038 tnihil
626 3981 725 4040 obstat
712 3980 918 4058 t,quominus
940 3979 1029 4040 etiam
1053 3978 1177 4040 Lucretii

115 4098 219 4140 versus
252 4099 340 4156 supra
372 4082 473 4158 scripti
507 4087 566 4140 890
588 4101 652 4161 sqq.
684 4084 815 4143 eiusdem
846 4084 1010 4144 doctrinam
1044 4085 1178 4143 referant
