2616 4582
519 301 731 368 ‚43-

94 452 222 528 τττοίκις,
255 450 272 516 δ
294 453 325 516 δέ
347 452 422 518 narei
448 451 611 529 Βυζάντιον
640 451 712 517 οὐδὲ
733 454 919 535 μετέβαλλεν,
950 450 1022 517 ἄλλοί
1045 453 1161 517 διετέλει

94 550 141 616 δν
162 557 269 637 έκρουν
292 553 384 634 μόνον
407 557 481 637 έχων
501 554 554 619 adv
576 557 609 619 έκ
632 563 686 620 τοῦ
703 544 861 620 Ποντικοῦ
883 554 1031 639 πελάγους
1048 559 1090 629 εἰς
1107 553 1162 635 τήν

94 658 296 740 Ἱροποντίδα,
322 655 363 732 τίς
386 658 417 721 δέ
438 656 605 740 Ἵππαρχος
628 661 739 742 ἱστορεῖ
758 660 808 721 καὶ
826 656 919 738 μονάς
937 683 1008 721 ποτε
1028 660 1164 722 ἐποιεῖτο.

97 762 172 822 dem
195 765 297 824 docuit
319 765 469 841 Diogenes
493 766 699 843 Apolloniates
727 768 804 843 apud
827 765 968 826 Senecam
990 768 1027 824 N.
1051 765 1086 828 Q.
1108 765 1162 838 IV,

94 872 114 934 ἱ,
138 871 190 926 29:
213 868 257 945 ⁶ob
280 869 334 926 Ιιοο
356 868 462 926 Pontus
485 871 513 927 ia
537 868 681 948 obseruata
704 889 782 927 mare
805 869 922 927 adsidue
936 871 1010 947 fluit
1031 871 1159 945 ruputas,

94 985 145 1027 ιοκ
167 979 198 1026 ut
218 982 314 1027 cetera
336 973 429 1032 maria
451 972 605 1029 alternatis
629 974 704 1029 altro
721 975 850 1049 citroque
867 970 1001 1042 aestibus,
1028 975 1057 1029 ta
1076 990 1161 1030 anam

94 1081 195 1130 »artem
217 1093 327 1148 semper·
346 1093 458 1153 pronas
480 1083 510 1131 et
530 1075 666 1132 torrens)
709 1075 800 1134 Cuius
822 1074 1000 1134 sententiam
1022 1074 1162 1134 Senecam

94 1187 129 1229 tx
151 1175 311 1234 Posidonio
335 1175 390 1234 sibi
414 1176 580 1236 vindicasse
600 1177 761 1237 verisimile
790 1182 851 1250 est,
884 1177 953 1256 quia
982 1177 1014 1235 in
1036 1182 1099 1237 tota
1127 1178 1163 1235 de

94 1271 159 1336 Nilo
171 1279 372 1354 disputatione
387 1279 471 1337 illum
487 1280 576 1338 huius
591 1279 700 1339 librum
713 1285 845 1340 secutum
857 1299 922 1339 esse
933 1279 1081 1339 Dialesius
1096 1299 1164 1356 pro·

94 1373 172 1439 bavit
192 1380 212 1440 l.
227 1380 247 1440 l.
270 1401 298 1457 p.
316 1387 388 1440 229.
433 1383 545 1454 Restat,
570 1388 603 1442 ut
626 1403 701 1463 quae
723 1382 839 1442 Plinius
862 1384 899 1442 de
920 1383 1054 1443 fontibus
1077 1382 1164 1440 mira·

94 1478 198 1542 bilibus
221 1484 433 1543 Gaditanorum
456 1490 486 1544 et
508 1486 543 1543 de
564 1485 662 1561 puteis
683 1487 716 1545 in
737 1487 803 1562 ripa
825 1485 925 1545 Baetis
948 1490 979 1544 et
999 1484 1031 1542 in
1054 1485 1163 1560 oppido
1277 1512 1280 1517 ·

95 1581 207 1660 Hispali
231 1587 297 1645 sitis
319 1593 498 1659 narraverat,
522 1591 602 1646 certo
619 1589 731 1648 auctori
747 1589 925 1648 tribuantur.
970 1588 1015 1644 De
1030 1587 1163 1647 fontibus

97 1685 167 1771 idem
200 1688 324 1748 tradidit
346 1689 523 1748 Posidonius
554 1690 632 1765 apud
664 1689 837 1750 Strabonem
861 1691 927 1762 III,
948 1690 1005 1747 172
1030 1689 1078 1765 (fr.
1095 1689 1163 1766 95):
1211 1723 1215 1731 ·

99 1782 358 1859 Ποσειδώνιος
382 1786 413 1848 δὲ
428 1789 528 1866 ψευδῆ
546 1787 637 1869 λέγων
654 1784 707 1867 τὴν
727 1789 858 1867 ἱστορίαν
877 1783 952 1850 εἶναι
976 1782 1086 1866 ταύτην
1107 1782 1163 1847 δύο

97 1889 183 1966 φησὶν
207 1882 282 1949 εἶναι
304 1888 418 1968 φρέατα
441 1890 471 1952 ἓν
494 1895 534 1974 τῷ
554 1885 714 1976 Ἡρακλείῳ
744 1891 794 1952 καί
823 1893 921 1972 τρίτον
952 1891 982 1952 έν
1004 1894 1040 1974 τῇ
1063 1884 1161 1951 πόλει·

94 1995 147 2051 τῶν
170 1986 196 2051 δ’
219 1991 250 2052 ἐν
273 1993 313 2075 τῷ
333 1986 491 2076 Ἡρακλείῳ
520 1989 553 2054 ao*
577 1991 629 2070 μὲν
658 1989 832 2073 μικρότερον
861 1990 1071 2072 ὑδρευομένων
1094 2012 1162 2052 συν-

94 2098 162 2172 εχῶς
192 2090 336 2174 αὖθωρδν
369 2094 418 2156 καί
450 2095 608 2170 ἐκλείπειν,
639 2094 690 2156 καί
721 2093 930 2159 διαλειπόντων
962 2101 1014 2175 τῆς
1044 2089 1164 2176 δδρείας

94 2201 280 2278 κληροῦσθαι
314 2195 417 2259 πάλιν·
454 2193 487 2260 w*
519 2196 550 2260 δέ
584 2203 680 2276 μεῖζον
710 2193 748 2259 δι’
778 2196 849 2277 ίίλης
881 2204 934 2276 τῆς
965 2193 1078 2276 ἡμέρας
1110 2192 1164 2272 τὴν

94 2295 213 2380 δδρείαν
236 2301 312 2378 ἕχον,
345 2298 519 2380 μειούμενον
547 2301 661 2380 μέντοι,
695 2298 837 2382 καθάπερ
865 2302 915 2363 καὶ
940 2293 1027 2362 τᾶλλα
1050 2298 1165 2378 φρέατα

94 2402 200 2478 πάντα,
234 2400 349 2481 νύκτωρ
372 2408 579 2485 πληροῦσθαι,
613 2402 715 2480 μηκέτι
746 2398 967 2483 ὑδρευομένων·
1001 2400 1103 2478 ἐπειδὴ
1133 2400 1164 2464 δέ

94 2509 255 2584 συμπίπτει
278 2504 354 2566 κατα
371 2503 423 2565 τδν
439 2510 491 2582 τῆς
510 2503 749 2586 συμπληρωσεως
770 2502 877 2586 καιρὸν
898 2501 919 2583 ἦ
938 2502 1074 2584 ίίμπωτις
1097 2511 1165 2565 πολ-

94 2606 183 2680 λάκις,
208 2613 423 2670 πεπιστεῦσθαι
446 2614 538 2681 κενῶς
560 2603 620 2670 tat
643 2613 701 2670 των
720 2610 868 2691 ἐγχωρίων
884 2605 939 2687 τήν
956 2604 1164 2669 devastasse.

94 2715 196 2773 Paullo
227 2720 294 2791 post
324 2716 460 2795 sequitur
492 2716 678 2774 Athenodori
710 2716 858 2774 sententia
891 2717 927 2773 de
956 2715 1003 2773 his
1032 2714 1165 2772 fontibus

94 2819 170 2894 apud
202 2817 376 2876 Strabonem
407 2838 435 2894 p.
457 2817 524 2875 lto.
568 2818 683 2876 Baetim
715 2824 812 2877 autem
846 2818 958 2876 flumen
989 2815 1166 2875 Posidonius

94 2922 170 2998 apud
193 2922 318 2979 eundem
342 2922 516 2998 scriptorem
538 2941 568 2996 p.
585 2922 643 2979 174
660 2920 736 2996 (eod.
752 2921 851 2998 frgm.)
875 2920 975 2979 docuit
990 2920 1067 2978 circa
1081 2917 1166 2976 novi-

94 3024 206 3082 lunium
229 3025 335 3083 aestivi
359 3024 476 3083 solstitii
500 3024 652 3095 inundare,
677 3023 756 3103 quod
780 3041 957 3102 quamquam
979 3042 1045 3081 cum
1067 3020 1166 3079 Plinio

94 3146 152 3185 non
177 3127 340 3198 consent't,
375 3133 474 3185 tamen
502 3127 612 3185 stoicus
639 3127 690 3184 ille
712 3125 908 3201 philosophus
930 3127 1054 3183 fortasse
1077 3123 1165 3182 etiam

94 3232 127 3288 dc
151 3228 250 3304 puteis
273 3227 404 3303 regionis
423 3228 487 3286 eius
509 3229 711 3287 crescentibus
733 3227 1031 3305 decrescentibusque
1053 3224 1165 3303 aliquid

94 3331 220 3407 scripsit.
264 3330 321 3389 Sed
343 3331 400 3388 hoc
421 3331 453 3388 in
476 3331 646 3388 coniectura
674 3329 803 3405 positum
835 3339 894 3401 est,
926 3328 958 3386 id
980 3334 1078 3387 autem
1100 3345 1165 3386 meo

94 3436 156 3493 lure
180 3434 358 3492 contendere
381 3451 427 3490 me
450 3433 593 3503 arbitror,
623 3451 688 3490 cum
712 3432 922 3492 Athenodorus
944 3421 1023 3508 apud
1046 3431 1164 3489 Strabo·

94 3558 160 3596 nem
193 3537 225 3594 in
256 3554 323 3610 pag.
341 3539 378 3593 55
412 3541 442 3594 et
473 3535 603 3593 Plinium
637 3534 653 3612 ἓ
678 3539 738 3592 219
771 3536 809 3593 ad
840 3553 1022 3593 communem
1053 3533 1165 3591 fontem

94 3642 233 3710 redeant,
266 3657 325 3716 qua
348 3640 383 3696 de
405 3658 437 3697 re
461 3637 589 3697 dubitari
613 3657 672 3695 non
695 3638 780 3708 licet,
815 3638 880 3695 luco
903 3636 1009 3695 clarius
1031 3654 1094 3694 esse
1117 3652 1167 3692 eos

94 3765 132 3802 ex
154 3742 315 3801 Posidonio
346 3742 486 3800 hausisse.
533 3740 757 3799 Athenodorum
787 3739 867 3796 enim
889 3737 1004 3796 Plinius
1033 3757 1091 3795 non
1116 3737 1165 3793 ad-

94 3846 207 3918 hibuit,
239 3845 309 3923 quia
331 3863 476 3922 nusquam
500 3863 608 3903 nomen
631 3843 695 3901 eius
718 3846 942 3912 commemorat,
973 3839 1165 3897 Posidonium

94 3959 193 4008 autem
221 3948 253 4005 in
275 3948 351 4005 libro
370 3946 405 4003 Π
426 3946 535 4005 laudat.
581 3947 619 4004 Et
649 3945 779 4003 eiusdem
807 3943 915 4002 librum
944 3943 1166 4000 Athenodorum

94 4069 158 4110 esse
180 4049 328 4108 imitatum
351 4056 382 4107 ot
404 4049 596 4124 exscripsisse
619 4049 688 4106 inde
712 4056 852 4122 apparet,
887 4046 966 4125 quod
989 4046 1066 4120 apud
1088 4044 1166 4103 Stra-

94 4155 201 4212 bonem
231 4151 295 4210 eius
328 4170 437 4210 nomen
465 4152 551 4210 modo
582 4156 630 4210 ter
660 4150 785 4208 affertur
813 4153 844 4207 et
870 4165 987 4222 semper
1015 4165 1076 4205 una
1101 4166 1166 4205 cum
