2616 4582
543 241 756 308 ...35-

104 392 247 454 Troade,
267 394 448 455 Magnesia,
469 396 563 456 Melo,
583 398 633 444 Li·
658 393 716 447 καλ
730 393 996 462 περλΠαγασάς,
1013 396 1051 450 τά
1065 393 1087 449 τ’
1104 395 1185 466 ἕκτῇ

94 494 195 538 para.
659 479 798 548 Τρωικῇ
827 480 986 550 Λαρίσσῃ
1022 481 1077 534 καί
1106 480 1185 548 περὶ

659 564 862 631 Μαγνησίαν
881 566 936 618 καί
954 565 987 618 ἐν
1004 565 1110 634 Μήλῳ
1130 566 1186 619 καλ

659 647 689 702 ἐν
706 647 841 717 Λιπάρᾳ
860 687 866 698 .
885 689 890 699 .
910 687 915 697 .
935 692 940 702 .
961 692 965 699 .
988 652 1047 717 ΑΙ).

193 806 260 864 Hae
281 806 373 881 igitur
396 805 634 864 narratiunculae
657 805 748 864 Plinii
771 806 1010 883 Theophrasteae
1033 813 1110 883 sunt,
1133 811 1184 868 sed

99 909 227 967 aliunde
249 909 403 969 fluxerunt
425 928 512 988 quam
536 909 690 979 Athenaei,
715 928 781 967 nam
806 910 830 969 si
852 910 934 970 illius
956 910 972 989 ξ
992 916 1030 969 52
1054 913 1090 970 de
1105 912 1183 986 Nilo,

100 1009 178 1088 §55
204 1013 240 1069 de
263 1013 449 1089 Borysthene
472 1017 502 1071 et
524 1012 662 1089 Hypani,
696 1010 766 1089 §61
794 1014 829 1071 de
851 1012 1012 1088 Segestano
1035 1015 1118 1074 fonte
1140 1015 1184 1072 Si-

104 1115 193 1173 ciliae
218 1115 353 1173 conferre
375 1115 421 1175 vis
445 1134 509 1173 cum
532 1115 621 1173 huius
643 1114 716 1173 locis
739 1115 902 1185 similibus,
930 1115 1185 1176 dissimilitudines

102 1235 170 1276 esse
192 1217 323 1290 videbis,
358 1236 433 1296 quae
456 1223 616 1295 utrumque
638 1237 729 1276 unum
753 1218 939 1296 eundemque
962 1224 1112 1278 auctorem
1135 1221 1184 1277 ad-

102 1319 240 1379 hibuisse
262 1319 416 1396 probabile
439 1339 499 1378 non
521 1321 640 1378 faciant.
687 1321 859 1379 Athenaeus
881 1325 980 1379 autem
1003 1322 1034 1378 in
1058 1341 1111 1380 sua
1134 1341 1184 1379 ex-

103 1422 256 1498 positione
279 1423 399 1498 Isigono
422 1422 579 1481 Nicaeensi
609 1442 679 1480 usus
708 1428 754 1482 est
780 1441 877 1502 nequa
911 1442 949 1482 ex
979 1423 1185 1500 Theophrasto

106 1525 169 1603 ipso
193 1525 310 1598 hausit,
334 1527 404 1605 quia
425 1526 478 1585 vix
500 1525 581 1584 credi
603 1530 703 1600 potest
726 1545 792 1584 eum
819 1526 907 1584 huius
929 1527 1021 1586 libros
1043 1527 1078 1583 de
1101 1526 1186 1604 aquis

109 1634 137 1688 et
153 1630 190 1687 de
207 1628 317 1703 plantis
332 1628 499 1704 inspexisse
522 1633 553 1687 et
574 1627 643 1705 quia
665 1648 695 1704 p.
713 1634 780 1687 43a
802 1622 837 1685 coi
851 1623 987 1704 βασιλικοί
1010 1648 1185 1688 commemo·

107 1737 213 1790 rantur
224 1732 344 1803 Prusae,
361 1750 436 1809 quae
448 1732 519 1789 urbs
530 1729 725 1806 Theophrasti
740 1734 836 1790 aetate
847 1751 908 1789 non
921 1732 1064 1790 exstabat.
1089 1732 1183 1790 Immo

108 1835 262 1910 Isigonum
286 1834 431 1892 Athenaei
464 1838 612 1893 auctorem
643 1834 735 1892 fuisse
764 1835 834 1892 inde
857 1839 994 1910 apparet,
1028 1836 1105 1913 quod
1135 1835 1184 1894 hic

109 1937 202 1996 fontis
231 1937 263 1994 in
286 1936 522 2011 Carthaginiensi
546 1935 664 1995 Siciliae
686 1939 777 2025 parte„
794 1937 842 1995 siti
867 1938 969 1995 eodem
992 1937 1078 1994 modo
1101 1956 1183 1995 men-

109 2040 220 2098 tionem
236 2040 309 2098 fecit
326 2059 355 2114 p.
373 2045 412 2096 42
424 2058 455 2097 e:
478 2035 509 2096 ἐν
524 2040 561 2121 τῇ
580 2028 793 2117 Καρχηδονίου
816 2035 987 2119 ἐπικρατείᾳ
1010 2041 1099 2108 κ.τ.λ.,
1123 2060 1182 2119 quo

107 2143 247 2217 Isigonus
276 2142 354 2217 apud
377 2141 593 2201 Ps.·Sotionem
617 2162 641 2200 c.
658 2147 714 2200 29:
744 2133 942 2219 Ἀριστοτέλης
971 2138 1082 2218 ἱστορεῖ
1108 2134 1183 2199 acroi

109 2238 288 2320 Καρχηδόνα
320 2236 434 2321 κρήνην
457 2235 532 2302 εἶναι
555 2241 656 2303 ἐλαίου
679 2240 929 2321 προσηνεστέρον·
960 2236 998 2301 ι’ίν
1021 2239 1052 2302 δὲ
1076 2237 1117 2319 μή
1139 2266 1183 2314 τις

107 2339 198 2426 ἁγνός
227 2344 336 2428 προσίη
369 2342 510 2404 ἐκλείπειν
537 2339 647 2422 αὐτήν,
680 2347 816 2426 quamvis
840 2347 1008 2422 Antigonus
1031 2349 1183 2425 Carystius

106 2469 144 2508 ex
174 2449 351 2508 Callimacho
380 2469 403 2508 c.
423 2453 481 2506 139
512 2454 591 2509 recte
623 2450 858 2509 commemorarit
886 2450 998 2509 fontem
1029 2449 1060 2508 in
1090 2452 1182 2529 Myti-

107 2557 200 2612 strato
232 2551 350 2610 Siciliae
382 2570 453 2610 esse.
499 2553 593 2610 Porro
625 2555 798 2611 Athenaeus
830 2554 931 2612 eodem
962 2553 1027 2612 loco
1057 2553 1180 2624 fontem,

104 2675 194 2734 quem
225 2655 394 2713 Alexander
423 2655 455 2712 in
480 2655 551 2713 Asia
579 2656 710 2729 invenit,
742 2656 844 2715 laudat
874 2661 908 2715 ut
936 2656 1076 2732 Isigonus
1103 2659 1181 2733 apud

104 2777 284 2834 anonymum
308 2778 331 2816 c.
350 2762 382 2817 5:
406 2754 436 2816 ἒν
461 2752 587 2834 Πέρσαις
607 2753 698 2829 φασὶν
720 2749 900 2839 Ἀλεξάνδρῳ
918 2759 1049 2833 φανῆναι
1066 2752 1180 2836 κρήνην

104 2856 206 2917 ἐλαίου
229 2855 436 2936 πληρουμένην
465 2853 648 2935 αὐτομάτως.
694 2861 750 2919 Sed
780 2861 869 2919 etiam
901 2881 976 2939 quae
1007 2867 1179 2940 sequuntur,

104 2983 144 3021 ex
167 2962 288 3037 Isigono
318 2964 440 3040 petivit,
472 2982 537 3021 nam
556 2965 633 3043 quod
652 2964 688 3020 de
703 2962 894 3038 Theopompo
917 2963 1038 3022 tradidit
1057 2983 1085 3039 p.
1101 2966 1180 3022 rad:

109 3060 180 3138 περὶ
202 3057 253 3121 cdv
274 3057 417 3144 Ἐριγῶνα
440 3059 573 3141 ιιοταμὸν
597 3058 649 3136 όξΰ
673 3056 748 3123 εἶναι
772 3057 853 3142 ὕδωρ
879 3062 928 3123 καὶ
953 3059 1024 3134 τούς
1039 3065 1180 3136 πίνοντας

103 3159 180 3225 αὐτὸ
204 3159 410 3241 μεθύσκεσθαι
431 3160 514 3225 καθα
537 3164 587 3225 καὶ
610 3161 680 3235 τούς
704 3159 756 3225 τόν
780 3158 880 3239 οἶνον,
909 3169 1041 3228 laudavit
1063 3168 1178 3229 Ps.·S0·

99 3272 145 3329 tio
170 3291 193 3329 c.
212 3275 259 3342 20,
283 3275 313 3328 et
335 3272 489 3346 Isigonus,
514 3271 597 3329 cuius
618 3272 786 3346 fragmenta
805 3271 899 3330 edidit
920 3271 1057 3330 Erwinus
1074 3272 1179 3332 Rohde

99 3377 133 3432 in
159 3372 231 3432 actis
254 3373 356 3432 semin.
380 3374 483 3450 philol.
506 3375 588 3449 Lips.
612 3375 636 3446 Ι,
655 3379 680 3432 1.
704 3394 732 3449 p.
750 3379 788 3431 35
802 3393 867 3451 sqq.
890 3373 922 3430 in
945 3391 1007 3448 cap.
1020 3372 1116 3447 XIII,
1140 3376 1176 3434 de

97 3479 186 3536 fonte
208 3474 239 3532 in
262 3474 420 3552 Lyncestis
443 3477 512 3547 sito;
545 3482 575 3536 et
596 3476 757 3553 Phylarchi
786 3475 1035 3533 narratiunculam
1059 3479 1094 3534 de
1118 3478 1175 3536 Cli-

97 3577 179 3638 torio
196 3577 285 3655 (esf)
307 3579 445 3654 Isigonus
461 3581 537 3654 apud
553 3578 769 3637 Ps-Sotionem
791 3579 823 3635 in
841 3596 903 3652 cap.
920 3581 955 3634 12
974 3579 1096 3635 eandem
1117 3583 1175 3637 tra·

99 3680 186 3741 didit.
238 3681 305 3738 Non
339 3681 432 3755 igitur
465 3700 577 3740 errasse
606 3680 678 3737 mihi
711 3681 829 3749 videor,
869 3679 894 3737 si
924 3679 1037 3738 conicio
1068 3681 1174 3752 omnia,

99 3805 178 3866 quac
202 3785 374 3844 Athenaeus
404 3784 505 3843 attulit
532 3804 550 3841 a
571 3803 637 3860 pag.
655 3783 718 3841 41f
738 3784 891 3861 usquead
914 3800 978 3857 pag.
996 3787 1035 3839 44
1059 3801 1096 3839 ex
1120 3783 1174 3840 Isi·

174 3935 216 4004 31)
233 3936 341 3993 Plinius,
361 3933 413 3979 sive
431 3936 484 3983 eius
501 3941 600 3993 auctor,
620 3937 713 3982 fontem
731 3937 806 3996 Aegis
824 3936 896 3982 altum
915 3949 969 3981 cnm
988 3933 1121 3995 Segestano
1138 3935 1174 3982 Si·

95 4029 171 4075 ciliae
195 4023 310 4080 contudit,
334 4021 364 4066 de
389 4034 437 4078 quo
463 4021 552 4068 Strabo
571 4022 607 4067 VI
630 4036 653 4081 p.
668 4024 731 4070 275:
758 4017 789 4071 τὰ
812 4019 840 4072 δὲ
867 4019 1001 4086 Αίγεστεία
1026 4019 1070 4085 (sc.
1090 4017 1173 4085 Securi

95 4105 194 4173 ὕδατα)
211 4105 313 4172 πότιμα.

923 4188 970 4254 344
