2616 4582
518 250 729 315 ..17-

122 399 157 450 Oi
175 398 204 453 δὲ
222 399 266 452 καί
283 399 330 468 τήν
348 400 447 469 Λέσβον
470 402 520 469 τῆς
537 395 615 467 Ἴδης

85 480 263 551 οἷπερρωγέναι
279 483 478 547 πεπιστεύκασι,
497 485 614 552 sabinae

84 568 134 635 τὴν
147 567 285 637 Προχύτην
304 569 348 622 καί
365 567 412 635 τήν
425 569 613 636 Πιδηκούσσαν

84 655 131 707 τοῦ
150 655 284 720 Μισηνοῦ,
311 652 358 715 τὰς
376 653 405 707 δὲ
423 655 545 721 Καπρέας
569 656 613 709 τού

83 738 234 805 Ἀθηναίου,
247 737 294 805 τὴν
306 738 427 792 Σικελίαν
445 740 475 794 δὲ
492 741 541 805 τῆς
552 736 612 806 Ῥη-

84 825 166 890 γίνης,
185 821 232 889 τήν
245 816 348 876 Ὄσσαν
366 823 396 878 δὲ
410 826 455 878 τοῦ
472 820 611 891 Ὀλύμπου.
674 829 703 876 Si
723 829 781 876 selis
806 829 913 887 eredere,
939 832 1008 878 aiunt
1031 831 1164 889 aliquando

84 907 207 975 γεγόνασι
224 909 254 962 δὲ
271 909 315 962 καί
332 909 390 974 περὶ
407 911 488 962 ταῦτα
499 912 613 963 τοιαῦται
640 914 726 960 Ossam
740 914 841 974 Olympo
859 916 998 974 cohaesisse,
1018 917 1102 963 αιιααο
1120 923 1165 962 ter-

86 994 234 1061 μεταβολαί.
271 993 315 1046 καί
340 991 354 1046 ὁ
374 995 467 1048 Λάδων
493 993 522 1048 δὲ
547 992 561 1047 ὁ
587 994 612 1047 ἐν
637 1014 720 1045 rasam
737 1006 801 1046 moto
818 1001 942 1048 recessisse
959 1008 981 1047 et
993 1001 1165 1061 fissamnnius

82 1074 211 1147 Ἀρκαδίᾳ
221 1077 315 1146 ἐπέσχε
324 1078 385 1133 ποτὲ
393 1076 421 1132 τὸ
433 1080 522 1146 ῥεῦμα.
551 1081 612 1133 Δού-
639 1084 825 1144 momentaneos
848 1086 935 1133 montis
951 1086 977 1132 ιἰι
996 1087 1057 1132 duas
1071 1093 1181 1147 partes„

84 1181 124 1229 ρις
142 1167 172 1216 δὲ
188 1161 237 1223 τοὶς
253 1160 352 1231 Ῥοίγας
369 1162 417 1224 τὰς
429 1163 495 1218 κατὰ
508 1165 611 1233 Μηδίαν
637 1177 693 1216 tane
718 1170 829 1230 effusisse
855 1172 959 1229 Peneon,
986 1171 1028 1230 qai
1048 1171 1161 1232 pdndes,

84 1245 236 1314 ὠνομάσθαι
261 1248 340 1314 φησὶν
363 1245 410 1303 tet
438 1252 550 1316 σεισμῶν
569 1251 611 1317 ῥα·
638 1255 721 1314 quidm
751 1255 872 1302 ῑοόονοοα
897 1255 1038 1314 thessales,
1065 1257 1164 1302 siccarat

83 1334 176 1399 γείσης
193 1334 242 1401 τῆς
259 1333 317 1398 περὶ
329 1331 375 1393 rei<
387 1333 520 1394 Κασπίονς
530 1334 612 1396 πύλας
636 1340 747 1386 abductis
763 1341 790 1386 io
807 1356 831 1387 se
850 1357 910 1400 quae
928 1342 978 1386 sine
990 1341 1054 1387 eeita
1066 1347 1163 1400 νοσφισ-

83 1419 143 1486 γῆς,
163 1412 231 1472 ὥστε
244 1414 482 1485 ἀνατραπῆναι
498 1419 611 1480 πόλεις
637 1425 810 1483 seruataque‘s.
835 1426 923 1473 ladon
929 1427 1021 1487 flamen
1032 1427 1094 1472 inter
1105 1427 1164 1473 Elin

85 1519 167 1571 σνχν
176 1502 214 1562 οἱς
238 1523 254 1555 κ
264 1503 297 1556 ul
321 1502 442 1570 κώμας
466 1503 511 1556 καί
535 1522 610 1557 ποτα·
637 1516 658 1556 et
671 1510 848 1569 Mepolenpolio
865 1511 955 1557 medius
974 1518 1015 1568 est,
1035 1525 1102 1569 quem
1117 1517 1163 1556 ter-

85 1586 150 1654 μούς
175 1590 289 1648 ποικίλας
318 1586 461 1658 μεταβολὰς
487 1591 614 1653 δέξασὶιαι
636 1610 720 1641 rernm
737 1601 812 1641 motas
830 1595 923 1654 effudit.

83 1673 126 1742 (rr.
141 1679 173 1725 νο
191 1676 281 1742 Μαι).

170 1831 345 1892 Strabonem
367 1852 439 1893 vero
461 1835 654 1894 Posidonium
678 1835 762 1914 sequi
786 1834 915 1893 efficitur
937 1833 1058 1893 Duridis
1080 1854 1162 1892 men-

81 1935 174 2008 tione,
198 1954 274 2013 quae
297 1955 357 1994 non
381 1955 420 1993 ex
442 1937 506 2008 hoe,
530 1939 581 1996 sed
602 1957 641 1996 ex
655 1937 708 1995 illo
724 1938 842 1994 demum
858 1941 975 2013 sumpta
990 1940 1042 1995 est.
1087 1937 1162 1994 Fere

82 2039 186 2096 eadem
210 2038 289 2095 enim
312 2039 473 2098 Posidonio
503 2039 622 2099 laudato
645 2041 772 2098 redeunt
793 2038 842 2096 XI
865 2059 894 2114 p.
912 2039 1004 2096 5140
1028 2039 1075 2116 (fr.
1094 2038 1162 2113 77):

81 2131 218 2213 ’τοῦνομα
241 2134 273 2197 δὲ
296 2143 359 2208 ταῖς
380 2131 495 2218 Ῥάγαις
523 2134 584 2200 daed
608 2141 667 2199 τῶν
688 2135 852 2220 γενομένων
875 2141 1003 2215 σεισμῶν
1025 2137 1162 2219 γενέσθαι

85 2240 190 2315 φασίν,
214 2234 267 2314 ὑφ’
290 2228 332 2300 cdv
355 2235 484 2311 πόλεις
505 2262 542 2301 τε
565 2240 699 2319 συχναί
722 2239 786 2300 καὶ
808 2243 931 2317 κῶμαι
954 2241 1099 2318 δισχίλιαι,
1122 2234 1163 2312 οἷς

88 2337 292 2414 Ποσειδώνιός
314 2360 423 2421 φησιν,
447 2338 732 2424 ἀνετράπησαν.
774 2346 907 2423 (tumque
930 2345 1021 2403 Duris
1043 2345 1162 2404 histori-

84 2467 137 2507 cus
159 2453 261 2507 nostro
285 2448 467 2507 solummodo
490 2448 555 2507 loco
579 2449 755 2507 aStrabone
778 2446 885 2505 allatus
908 2446 955 2518 sit,
978 2447 1162 2506 hauddubie

83 2551 150 2609 eius
165 2551 257 2608 libros
273 2570 333 2608 non
349 2550 414 2625 ipse
430 2550 510 2624 legit,
534 2550 585 2608 sed
601 2568 619 2606 a
635 2548 795 2606 Posidonio
812 2548 966 2607 transtulit
979 2549 988 2584 ¹
999 2549 1037 2625 ¹).
1073 2549 1162 2607 Prae-

83 2658 168 2712 terea
189 2653 301 2711 Seneca
330 2653 362 2709 in
385 2670 447 2728 cap.
465 2655 503 2710 25
535 2652 661 2711 Helicen
692 2656 722 2710 et
745 2650 838 2708 Burin
868 2650 1062 2709 concussione
1092 2672 1161 2728 sup-

84 2775 202 2832 pressas
232 2775 296 2814 esse
319 2754 376 2828 ait,
408 2773 532 2832 quarum
556 2754 752 2813 calamitatem
775 2758 878 2812 auctor
900 2752 963 2810 eius
985 2752 1049 2811 sine
1072 2754 1161 2812 dubio

83 2858 237 2934 exposuit,
269 2878 334 2917 cum
365 2858 465 2915 eadem
493 2857 530 2915 ab
553 2860 673 2916 auctore
695 2855 765 2914 libri
794 2856 829 2913 de
851 2855 961 2913 mundo
984 2855 1015 2912 in
1039 2875 1101 2932 cap,
1118 2856 1161 2915 IV

82 2981 113 3038 p.
132 2966 219 3019 asca
239 2965 278 3018 20
302 2965 332 3019 et
353 2979 370 3017 a
392 2960 492 3018 Plinio
514 2961 550 3017 N.
567 2959 606 3017 H.
631 2959 678 3031 II,
703 2963 779 3030 206,
811 2977 936 3035 quorum
966 2963 1093 3035 uterque
1123 2976 1162 3015 ex

83 3064 246 3122 Posidonio
269 3062 376 3135 hausit,
399 3062 488 3121 allata
510 3062 620 3139 sit12).
664 3063 770 3138 Neque
791 3077 888 3118 errare
910 3060 984 3117 mihi
1000 3059 1112 3133 videor,
1136 3062 1161 3120 si

156 3254 198 3311 11)
220 3252 307 3309 Itaque
324 3265 374 3296 non
392 3254 457 3296 recte
482 3249 512 3294 R.
531 3247 639 3294 Gaedius
663 3244 793 3312 (Demetrii
811 3245 906 3306 Scepsii
929 3259 991 3304 quae
1016 3252 1159 3306 supersunt,

83 3338 142 3386 diss.
163 3332 466 3402 Gryphisw.1880)p.3
491 3335 590 3382 statuit:
619 3335 673 3396 ,hoc
697 3333 797 3391 quidem
821 3333 876 3378 loco
894 3330 1040 3378 Strabonem
1059 3333 1159 3394 Scepsio

83 3423 139 3483 ipso
165 3437 236 3470 usum
259 3436 328 3479 esse,
355 3435 433 3480 neque
458 3421 591 3479 quidquam
608 3418 705 3477 obstat,
732 3418 862 3478 queminus
880 3421 931 3463 tota
948 3416 992 3463 illa
1009 3420 1160 3466 enumeratio

83 3522 148 3567 quae
166 3523 181 3554 a
198 3508 214 3568 ᾖ
234 3511 264 3556 17
291 3520 368 3567 usque
385 3507 417 3553 ad
434 3507 508 3554 finem
527 3506 543 3566 ᾖ
561 3507 592 3552 21
612 3505 733 3564 pertinet,
760 3505 792 3551 ad
809 3504 874 3549 hune
891 3502 1024 3562 referatur,
1052 3504 1161 3564 exceptis

84 3595 121 3641 eis
139 3595 267 3652 videlieet,
287 3607 350 3653 quae
367 3593 393 3639 in
411 3593 471 3654 517
490 3605 567 3650 usque
586 3591 618 3637 ad
635 3590 709 3636 finem
726 3589 784 3650 §21
806 3620 873 3636 ....
893 3588 923 3634 de
941 3601 985 3634 suo
1003 3589 1160 3647 geographus

83 3680 160 3738 addit,
179 3685 251 3739 atque
265 3679 384 3738 exemplis
402 3677 488 3724 eodem
505 3676 578 3723 modo
596 3676 695 3723 insertis
711 3675 736 3721 in
755 3673 769 3733 ἓ
784 3676 815 3720 19
834 3667 881 3736 τὴν
900 3669 1004 3738 Λέσβην
1021 3670 1070 3736 τῆς
1082 3665 1160 3736 Ἴδης

83 3797 90 3809 ·
112 3802 116 3810 ·
138 3804 143 3813 .
162 3762 210 3828 τήν
221 3758 323 3815 Ὄσσαν
341 3761 371 3816 δὲ
388 3762 432 3813 τοῦ
450 3753 598 3824 Ὀλύμπον.’
633 3761 671 3808 De
689 3759 783 3818 Rhagia
801 3759 830 3806 ef.
842 3759 988 3830 'Diodorum
1006 3758 1076 3817 XIX,
1094 3760 1135 3805 44.

156 3853 200 3912 12)
224 3851 262 3897 Ex
280 3849 413 3897 Aristotele
433 3846 498 3893 enim
516 3850 600 3893 auctor
618 3845 675 3892 libri
694 3846 724 3892 de
743 3845 832 3891 mundo
859 3848 883 3891 et
900 3843 995 3890 Plinius
1013 3857 1058 3889 sua
1075 3847 1159 3903 petere

84 3954 136 3987 non
154 3941 281 3999 poterant,
305 3948 363 3981 uam
381 3931 478 3980 etiamsi
501 3931 544 3978 ille
568 3930 666 3991 saepius
684 3931 749 3977 hune
767 3935 848 3977 terrae
866 3933 959 3976 motum
976 3932 1159 3987 commemorat,

83 4032 168 4073 tamen
180 4036 301 4083 nusquam
313 4033 402 4067 nomen
418 4015 516 4063 urbium
528 4016 636 4074 tradidit,
657 4015 737 4062 sedin
750 4019 851 4062 meteor.
865 4015 885 4073 1,
899 4016 914 4061 6
931 4028 956 4074 p.
971 4013 1068 4062 saeba
1086 4013 1159 4059 modo

84 4113 115 4162 de
134 4118 214 4160 terrae
232 4112 299 4155 motu
317 4107 343 4153 in
356 4103 450 4150 Achaia
467 4101 583 4160 loquitur.
620 4101 689 4160 Quae
707 4101 803 4148 Plinius
821 4102 851 4148 N.
865 4100 898 4149 H.
918 4100 950 4155 11,
964 4101 1012 4146 192
1032 4099 1159 4145 detersae

936 4190 956 4242 2
