2616 4582
549 245 764 310 ..13-

112 406 240 483 plurima
262 421 338 483 quae
359 404 392 461 in
414 401 544 461 Senecae
567 420 629 477 cap.
648 406 686 460 25
712 402 839 471 exstant,
862 397 907 456 illi
927 397 1036 458 tribuo.
1080 393 1193 455 Terrae

113 515 234 579 motum,
258 527 316 585 quo
340 505 457 565 Chalcis
479 504 610 576 tremuit,
632 504 745 563 Seneca
767 521 806 560 ex
821 500 1031 576 Asclepiodoto
1054 497 1194 558 auditore

111 608 265 669 Posidonii
280 608 373 681 novit,
396 611 430 667 ut
451 608 515 684 ipse
533 607 610 666 dixit
632 606 664 663 in
682 624 744 682 cap.
761 605 812 677 17;
836 622 927 684 quare
943 605 1026 678 patet
1041 619 1076 659 ea
1092 599 1195 659 omnia

113 730 188 790 quas
221 711 254 768 in
286 730 348 787 cap.
374 715 412 768 25
447 709 649 768 Posidoniana
683 711 766 781 sunt,
804 726 843 765 ex
878 703 1080 781 Asclepiodoti
1112 702 1194 761 libro

111 817 229 890 sumpta
244 831 317 872 esse.
360 813 502 871 Senecam
523 811 602 869 enim
625 830 685 869 non
707 809 791 867 illum
814 808 912 884 ipsum
935 805 1115 877 adhibuisse,
1141 803 1195 863 sed
1255 810 1258 815 '

112 915 277 975 auditorem
298 915 370 988 eius,
394 913 493 991 paullo
517 918 585 989 post
606 914 700 989 magis
723 911 859 971 elucebit.

197 1017 236 1075 In
258 1017 391 1076 Lucretii
413 1037 462 1077 vv.
481 1021 540 1074 585
557 1036 622 1095 sqq.
653 1020 684 1074 et
706 1015 742 1073 de
764 1013 874 1072 Sidone
903 1016 934 1072 et
954 1013 990 1070 de
1014 1009 1091 1097 Aegi
1121 1009 1196 1068 alia-

113 1139 239 1198 rumque
260 1119 380 1178 urbium
402 1119 481 1177 idem
504 1118 684 1178 contendere
707 1117 792 1188 licet,
824 1135 893 1174 nam
916 1135 966 1175 vv.
985 1117 1131 1171 588-91
1158 1113 1197 1171 ab

113 1241 148 1280 eo
172 1222 284 1281 cladem
299 1221 420 1281 Helices
444 1226 474 1281 et
493 1222 588 1280 Burae
611 1219 694 1294 tangi
710 1218 873 1279 verisimile
889 1221 934 1276 est
946 1214 1005 1293 18).
1050 1213 1197 1278 Quaestio

116 1328 215 1384 autem
238 1328 292 1398 est,
314 1344 386 1383 num
408 1324 487 1383 alind
512 1343 551 1383 ex
574 1324 676 1383 eodem
698 1322 783 1382 fonte
806 1320 981 1382 manaverit.

200 1427 264 1486 Iam
288 1434 376 1486 antea
396 1448 425 1488 v.
444 1431 503 1485 550
528 1446 566 1485 ex
581 1425 695 1485 Seneca
710 1425 762 1498 VI,
781 1430 830 1497 22,
850 1429 864 1482 1
890 1424 1048 1483 emendare
1070 1423 1199 1480 conatus

118 1551 192 1591 sum.
237 1529 370 1589 Lucretii
391 1549 496 1589 versus
518 1532 617 1588 autem
639 1532 708 1589 utut
730 1528 933 1599 emendantur,
955 1544 1044 1584 nemo
1065 1523 1201 1583 Senecae

117 1633 283 1692 simillimos
312 1650 376 1691 esse
398 1631 521 1707 negabit
548 1650 672 1710 eamque
695 1629 919 1690 similitudinem
941 1626 1076 1702 intellegi
1099 1645 1200 1702 posse,

117 1735 142 1795 si
165 1734 326 1793 conicimus
348 1738 508 1813 utrumque
531 1738 681 1795 auctorem
697 1734 801 1792 eodem
822 1733 915 1804 fonte,
939 1729 1094 1790 Posidonii
1109 1729 1200 1801 libro,

119 1856 183 1896 osse
206 1857 299 1896 usum.

204 1939 262 1998 Sed
295 1941 352 1998 hoo
386 1939 475 1998 etiam
509 1939 568 1997 elia
596 1958 628 1998 re
661 1938 827 1998 accuratius
860 1937 1056 1996 demonstrari
1088 1938 1201 2012 potest.

119 2042 286 2100 Redeamus
308 2043 345 2099 ad
367 2041 605 2102 distributionem
628 2046 762 2101 motuum
777 2040 995 2099 Lucretianam.
1040 2042 1140 2099 Antea
1154 2039 1208 2123 vi·-

121 2143 216 2202 dimus
238 2149 356 2219 poetam
381 2143 553 2203 distinxisse
576 2144 634 2203 tria
656 2162 767 2218 genera
790 2162 905 2215 eorum,
937 2142 990 2221 qui
1012 2145 1103 2202 vento
1126 2140 1202 2202 facti

121 2250 206 2318 sunt,
238 2245 462 2306 inclinationem
493 2246 542 2306 vel
574 2246 773 2318 nutationem,
804 2244 935 2316 hiatum,
966 2245 1136 2316 horrorem,
1170 2243 1203 2327 id

122 2348 201 2425 quod
224 2347 371 2423 Epicurus
393 2367 454 2407 non
475 2347 595 2406 fecerat.
639 2347 772 2406 Similem
800 2346 1021 2407 distinctionem
1044 2344 1202 2404 Posidonii

121 2449 256 2510 laudavit
266 2451 417 2526 Diogenes
429 2451 566 2510 Laertius
578 2449 648 2524 VII,
659 2454 735 2509 154:
757 2442 827 2518 τούς
846 2440 985 2523 occeperis
1000 2441 1032 2506 δὲ
1050 2445 1203 2526 γίνεσθαι,

122 2651 325 2702 concussionibus
343 2653 433 2713 habet,
461 2654 513 2702 fere
530 2655 615 2701 omnia
632 2669 663 2701 ex
681 2655 756 2701 Arist.
776 2658 834 2701 met.
852 2655 924 2711 11,8
949 2653 1090 2713 exscripsit,
1119 2658 1205 2700 tamen

124 2739 203 2786 verba
227 2739 280 2787 eius
303 2741 318 2802 ᾖ
339 2743 403 2790 las:
430 2740 507 2787 minus
526 2740 665 2799 ambiuntur
683 2740 773 2786 crcbm
796 2739 831 2786 ud
847 2739 944 2786 elusam
970 2738 1085 2785 anana
1104 2745 1205 2797 cauato,

123 2825 240 2883 marociae
258 2832 311 2872 suut
334 2826 423 2872 tuciora
447 2825 472 2871 in
489 2824 573 2872 iisdem
597 2825 648 2870 illie
672 2839 732 2884 quus
751 2824 857 2884 pendent
874 2837 944 2882 eqs.
969 2838 1018 2871 non
1044 2825 1207 2872 consentiunt

124 2925 180 2957 cum
198 2911 362 2958 aristotelicis
381 2927 403 2972 p.
418 2911 489 2959 sida
507 2913 538 2959 23
552 2923 622 2969 sqq.:
650 2904 686 2958 ἔτι
705 2905 735 2959 δὲ
752 2906 810 2972 περὶ
827 2903 921 2966 τόπους
944 2904 1072 2965 τοιούτους
1091 2907 1114 2959 οἱ
1133 2905 1206 2976 ἰσχυ-

127 2991 227 3056 ρότατοι
245 2992 352 3059 γίνονται
369 2993 419 3045 τῶν
440 2992 562 3058 σεισμῶν,
583 2987 645 3045 ὅπου
664 2988 682 3056 d
701 2988 816 3044 θάλαττα
834 2988 936 3057 ῥοώδης
952 2984 971 3055 ἦ
990 2989 1008 3055 d
1026 2991 1100 3059 χώρα
1114 2990 1205 3058 ccupat

126 3076 171 3129 aad
188 3071 318 3141 ὕπαντρος,
337 3080 381 3127 sed
400 3080 574 3140 multomagis
593 3094 648 3126 eum
667 3077 827 3126 Callisthenis
840 3079 930 3138 placito
949 3080 1014 3138 apud
1027 3078 1147 3127 Senecam
1159 3079 1205 3138 VI,

127 3167 168 3224 26,
181 3167 211 3210 4:
228 3164 281 3210 idco
300 3164 407 3211 stabdcm
424 3164 503 3211 videri
518 3165 568 3211 cult
586 3167 629 3225 (sc.
642 3166 753 3224 Delum),
772 3164 830 3222 quia
848 3165 913 3211 mara
928 3164 1041 3224 imposito
1058 3167 1089 3212 sit
1105 3165 1208 3212 lrabeat·

128 3265 172 3309 quc
186 3263 305 3296 concauus
323 3264 393 3310 rupee
412 3257 433 3296 ct
450 3265 513 3296 saaca
525 3251 621 3310 peruia,
641 3265 701 3309 mccc
720 3250 775 3296 decit
791 3249 936 3309 deprehenso
953 3251 1008 3297 cesa
1022 3251 1132 3298 reditum.
1171 3251 1209 3298 Ob

129 3337 174 3381 boo
191 3342 213 3381 et
229 3335 321 3381 insutas
339 3349 388 3382 aesc
405 3334 514 3382 certiora
531 3336 578 3382 soli
593 3335 708 3395 urbesque
725 3350 752 3382 eo
769 3336 880 3394 tutiores,
907 3349 952 3395 quo
966 3336 1068 3397 propius
1086 3338 1209 3387 adnare

131 3427 286 3467 accesserunt.
321 3421 408 3479 Neque
426 3435 487 3468 vero
505 3419 680 3469 Callisthenem
697 3421 794 3468 Plinius
811 3421 836 3468 iu
853 3421 934 3469 indice
951 3423 1043 3470 laudat.

202 3501 243 3569 13)
262 3505 336 3552 Falso
354 3506 480 3553 Munrous·
491 3507 616 3553 contendit
633 3507 774 3554 Lucretium
791 3507 905 3567 Aegium,
924 3522 987 3567 quae
1004 3508 1064 3556 urbs
1082 3523 1138 3556 oum
1155 3510 1210 3559 He·

132 3591 179 3637 lice
198 3594 222 3636 et
239 3590 306 3637 Burs
325 3605 373 3637 uno
392 3596 503 3652 tempore
521 3605 610 3638 eversa
627 3597 707 3649 esset,
726 3592 851 3650 attulisse,
871 3594 937 3651 quod
954 3606 999 3640 sua
1016 3599 1098 3642 aetate
1116 3597 1211 3644 clarior

131 3675 225 3732 fuisset,
244 3689 317 3734 quam
334 3676 392 3724 illae
411 3681 436 3724 et
453 3676 611 3724 Callisthenis
629 3676 705 3724 libros
722 3678 820 3738 legisse,
840 3692 912 3737 quem
931 3677 1024 3726 Seneca
1042 3682 1083 3740 23,
1102 3683 1119 3729 4
1137 3683 1211 3731 testis

132 3764 170 3808 est
187 3760 218 3806 de
235 3759 320 3807 Helico
338 3766 363 3809 et
380 3763 447 3809 Bura
470 3763 607 3823 scripsisse.
643 3763 747 3822 Aegium
770 3778 819 3810 non
838 3765 925 3811 eodem
947 3770 1058 3825 tempora
1076 3780 1125 3825 quo
1143 3768 1210 3817 aliae

133 3845 208 3894 urbes
232 3860 346 3894 eversam
368 3862 436 3908 esse,
463 3850 513 3896 iam
531 3863 561 3896 ax
580 3847 688 3894 Senecae
706 3847 790 3895 verbis
807 3850 917 3908 sequitur
935 3855 959 3897 et
975 3866 1006 3898 ex
1024 3850 1135 3899 Diodoro
1152 3853 1211 3914 XV,

134 3932 182 3979 48:
200 3927 299 3994 ἐγένετο
317 3928 347 3984 δὲ
363 3932 437 3983 τοῦτο
454 3929 483 3984 td
502 3927 584 3989 scibo<
601 3930 650 3998 τῆς
667 3925 774 3998 Ἀχαΐας
792 3931 849 3997 περὶ
867 3932 926 3986 δύο
943 3932 1037 3996 πόλεις,
1054 3931 1162 4001 Ἑλίκην
1180 3952 1212 3990 τε

134 4011 180 4066 καὶ
200 4012 304 4079 Beripara,
322 4017 393 4068 κ.τ.λ.
428 4017 603 4066 Callisthenem
627 4018 657 4064 de
682 4018 761 4077 Aegio
788 4019 916 4080 scripsisse
941 4035 1013 4068 nemo
1040 4023 1212 4071 demonstrare

135 4102 224 4160 potest.
