2616 4582
552 268 766 334 ..39-

118 425 273 486 Sotionem
296 445 319 486 c.
337 431 376 484 29
399 426 478 485 idem
501 429 615 497 1161161,
646 428 725 505 quod
749 425 903 485 Vitruvius
924 427 957 485 in
980 425 1049 504 §8,
1072 426 1108 484 de
1132 427 1197 503 Hy·

118 529 190 606 pani
212 528 307 589 fluvio
329 530 406 604 apud
431 528 617 587 Athenaeum
640 527 705 587 loco
729 547 819 602 supra
840 528 987 603 adscripto
1009 548 1038 604 p.
1056 534 1137 601 436,
1161 530 1197 588 de

118 632 300 690 Scamandro
322 631 353 688 in
375 633 461 704 frgm.
482 635 517 688 ll
542 630 654 688 Rohdii
675 631 791 702 eadem,
825 648 901 709 quae
921 630 972 690 ille
995 630 1027 688 in
1050 629 1086 708 ἧς
1107 634 1139 688 11
1167 635 1198 689 61

122 738 170 806 14,
195 734 231 792 de
253 733 329 806 lacu,
353 734 404 813 qui
427 737 491 793 erat
509 731 632 791 (lhrobsi
650 731 801 803 Thraciae,
824 733 902 807 apud
921 732 1138 791 Ps-Sotionem
1159 737 1195 789 15

119 845 151 895 et
172 835 204 892 in
227 835 313 910 frgm.
331 840 370 893 39
394 835 505 894 Rohdii
526 835 620 906 idem,
645 835 724 914 quod
746 833 798 892 ille
819 834 850 890 in
876 832 892 912 S
913 837 949 892 15
974 839 1005 893 et
1025 834 1142 893 Plinius
1163 837 1195 892 in

118 937 204 1015 528,
229 938 265 995 de
287 935 499 1010 1661101116τὶ6,
523 937 558 994 de
581 935 723 1007 fontibus,
747 935 798 1014 qui
819 936 851 993 in
867 937 964 996 insula
979 936 1052 996 chio
1069 941 1099 996 61
1114 936 1196 996 Susis

119 1042 221 1111 erant,
251 1040 328 1114 apud
352 1038 569 1098 Ps.·Sotionem
593 1043 648 1110 24,
672 1042 726 1111 25,
752 1043 791 1095 26
815 1042 846 1097 et
866 1038 898 1096 in
919 1039 1005 1114 frgm.
1023 1043 1062 1096 34
1085 1038 1196 1096 Rohdii

118 1141 236 1213 eadem,
267 1160 343 1220 quae
365 1140 482 1199 Plinius
502 1141 535 1198 in
559 1139 594 1217 ξς
612 1144 746 1199 21-23,
790 1140 821 1198 si
843 1141 936 1216 igitur
958 1141 1051 1199 Varro
1073 1141 1143 1199 huic
1166 1144 1196 1199 et

120 1242 278 1315 Vitruvio,
303 1260 378 1322 quae
401 1243 437 1300 de
459 1241 545 1320 aquis
566 1243 768 1316 tradiderunt,
792 1242 996 1318 suppeditavit
1018 1242 1134 1318 etipse
1157 1262 1195 1301 ex

117 1344 242 1421 Isigono
266 1344 373 1416 hausit,
403 1344 490 1403 etiam
513 1343 589 1402 aliae
610 1344 847 1404 narratiunculae
869 1344 977 1417 Plinii,
1008 1363 1084 1423 quae
1111 1344 1195 1404 inve·

119 1447 246 1506 niuntur
272 1447 304 1504 in
333 1445 409 1505 libro
432 1446 559 1523 XXXI,
589 1447 617 1505 61
646 1446 771 1506 adscribi
802 1451 935 1523 possunt.
979 1447 1046 1505 Hae
1068 1452 1138 1507 sunt
1158 1449 1196 1506 de

116 1549 186 1608 Side
216 1553 321 1624 stagno
351 1547 441 1624 (Plin.
465 1547 556 1626 §21,
587 1548 698 1624 Isigon.
722 1567 746 1608 6.
764 1554 803 1606 36
827 1546 951 1623 Rohd.),
984 1550 1063 1630 quod
1085 1550 1195 1609 rectius

118 1652 199 1709 Silen
228 1651 278 1710 vel
302 1649 394 1708 Sz'llen
425 1650 524 1708 vocari
548 1650 686 1726 Isigonus
714 1654 744 1710 et
768 1652 935 1725 Antigonus
958 1651 1109 1729 Carystius
1134 1657 1193 1710 146

116 1753 293 1825 ostendunt,
325 1753 360 1809 de
382 1752 448 1810 lacu
469 1751 502 1809 in
524 1751 691 1811 Scotusaeis
713 1753 770 1812 sito
793 1752 883 1829 (Plin.
904 1753 921 1832 ξ
940 1753 987 1825 17,
1011 1752 1135 1812 Ps-Sot.
1152 1753 1193 1831 9).

114 1856 223 1933 Neque
246 1854 344 1913 minus
368 1853 466 1913 omnia
488 1854 723 1930 Theophrastea,
755 1874 832 1934 quae
859 1857 891 1913 in
913 1857 968 1914 hac
990 1854 1059 1913 libri
1082 1855 1194 1913 XXXI

115 1956 248 2014 Pliniani
279 1961 362 2032 parte
386 1977 450 2016 cum
473 1957 595 2030 Isigono
619 1958 809 2017 consentiunt
836 1977 934 2037 neque
956 1964 1055 2017 tamen
1078 1976 1116 2016 ex
1136 1959 1194 2018 hoc

115 2059 182 2134 ipso
206 2062 323 2134 sumpta
345 2066 423 2132 sunt,
451 2059 604 2138 multoque
632 2057 718 2134 plura
746 2060 805 2118 iam
834 2061 866 2118 in
889 2061 1046 2134 Varronis,
1078 2061 1191 2137 Isigoni

116 2161 331 2237 epitomatoris‚
354 2162 440 2220 libris
462 2161 651 2221 exstiterunt.

202 2264 289 2322 Nunc
311 2265 493 2322 redeundum
525 2268 570 2321 est
592 2263 627 2320 ad
647 2262 777 2322 Senecae
800 2265 1018 2340 expositionem
1049 2269 1079 2325 et
1100 2266 1192 2323 Plinii

113 2367 147 2424 in
165 2364 241 2423 libro
256 2366 298 2435 II.
341 2365 432 2439 Illum
453 2365 485 2422 in
502 2365 554 2424 lib.
570 2367 627 2437 III,
645 2370 683 2424 25
707 2367 787 2425 hunc
805 2366 837 2424 in
855 2366 932 2425 libro
948 2367 1068 2440 XXXI,
1092 2367 1192 2428 Vitru-

112 2469 196 2528 vium
210 2468 241 2525 in
253 2467 304 2526 lib.
312 2468 390 2528 VIH
400 2468 508 2526 Rosius
518 2468 672 2527 contendit
683 2467 760 2544 (pag.
772 2468 821 2545 10)
833 2468 945 2544 Isigoni
958 2469 1193 2529 narratiunculas

113 2590 169 2647 per
181 2571 344 2628 Varronem
360 2573 525 2645 compertas
537 2569 684 2629 habuisse.
708 2572 773 2630 Hac
784 2571 816 2629 in
829 2591 861 2630 re
873 2571 991 2645 erravit,
1006 2577 1041 2631 ut
1051 2573 1191 2644 arbitror;

114 2673 139 2731 si
157 2672 235 2730 enim
247 2690 352 2730 verum
364 2676 416 2744 est,
434 2672 512 2751 quod
525 2678 612 2732 antea
624 2674 758 2750 exposui,
774 2675 863 2733 etiam
876 2673 1099 2750 Theophrastea
1113 2676 1190 2751 apud

113 2774 246 2832 Plinium
271 2794 309 2832 ex
331 2773 453 2849 Isigono
477 2780 507 2834 et
529 2775 661 2834 Varrone
683 2775 789 2835 hausta
810 2795 888 2848 esse,
918 2777 1051 2852 intellegi
1076 2779 1188 2857 nequit,

114 2876 264 2955 quomodo
281 2879 311 2935 61
326 2877 442 2937 Plinius
457 2913 499 2921 —
521 2879 584 2938 sive
600 2878 761 2938 Varronem
779 2879 873 2940 mavis
894 2913 935 2923 —
958 2885 989 2939 et
1002 2881 1115 2939 Seneca
1129 2884 1189 2938 tam

112 2979 195 3036 inter
226 2997 257 3036 se
287 2978 441 3038 dissimilia
471 3000 510 3038 ex
540 2982 642 3039 eodem
674 2986 794 3040 auctore
824 2984 1011 3058 sumpserint.
1056 2982 1189 3040 Plurima

112 3079 236 3138 alterius
265 3081 302 3138 ab
325 3081 418 3140 altero
449 3083 655 3142 dissentientia
685 3083 721 3140 de
743 3081 938 3157 Theophrasti
966 3085 1100 3144 doctrina
1128 3085 1187 3142 iam

112 3187 203 3241 antea
231 3184 391 3258 composui.
436 3184 572 3244 Addendi
602 3187 689 3245 modo
714 3190 784 3244 sunt
806 3184 896 3242 Plinii
919 3189 950 3244 et
969 3185 1097 3246 Senecae
1118 3187 1186 3260 loci,

113 3285 166 3364 qui
189 3290 323 3344 exstant:

113 3540 203 3588 hibuit.
237 3540 293 3587 Hoc
305 3554 334 3587 66
346 3539 473 3601 probatur,
492 3543 558 3601 quod
569 3542 663 3591 Plinius
681 3557 711 3589 ax
724 3556 752 3590 so
770 3556 846 3602 aquas
859 3542 1007 3602 Segestanos
1019 3542 1116 3591 Siciliae
1133 3545 1184 3591 lau·

112 3626 191 3684 davit,
209 3638 356 3684 quamquam
374 3625 496 3688 Isigonus,
514 3631 577 3675 teste
594 3627 721 3675 Athenaeo
739 3629 832 3675 iontem
850 3629 915 3688 apud
933 3629 1016 3690 Aegas
1034 3628 1134 3677 Ciliciae
1152 3631 1184 3678 si·

112 3716 165 3758 tum
183 3726 237 3758 esse
256 3711 345 3757 docuit
380 3713 473 3774 [sigoni
492 3718 516 3760 et
533 3713 660 3760 Posidonii
677 3713 755 3760 verba
767 3713 846 3760 Varro
864 3715 1024 3772 commiscuit,
1043 3729 1100 3761 nam
1118 3714 1184 3761 Stra-

112 3797 185 3844 bonis
209 3797 364 3844 enunciatum
387 3795 495 3864 (61711)
521 3794 552 3848 τὰ
578 3791 601 3851 δ’
622 3796 760 3863 Δίγεσταῖα
784 3794 881 3863 πότιμα
908 3800 1098 3848 Posidonianum
1122 3814 1183 3858 osse,

110 3888 200 3944 postea
217 3883 398 3932 domonsmbo.
