2616 4582
131 1119 135 1125 ’
201 1094 336 1217 Usque
358 1138 395 1196 ad
410 1140 544 1197 nostrum
559 1142 686 1213 tempus,
709 1137 760 1217 qui
777 1137 814 1195 de
828 1136 963 1197 fontibus
980 1136 1117 1198 carminis
1133 1138 1193 1196 Lu·

110 1239 239 1301 cretieni
262 1239 485 1319 quaesiverunt,
508 1239 567 1300 viri
590 1240 669 1300 docti
692 1245 811 1316 poetam
833 1238 910 1299 nihil
932 1244 1040 1317 putant
1061 1240 1093 1299 in
1116 1261 1192 1318 opus

111 1363 201 1403 suum
222 1341 378 1418 recepisse,
402 1341 481 1420 quod
503 1360 565 1400 non
586 1340 645 1399 iam
667 1341 808 1417 magister
831 1341 979 1401 docuisset
993 1342 1139 1420 Epicurus
1152 1345 1191 1423 ¹).

113 1443 196 1507 Quin
219 1443 309 1502 etiam
331 1444 368 1502 de
382 1441 562 1520 Empedocle
579 1448 609 1503 et
624 1442 795 1521 Thucydide
817 1462 914 1520 nuper
928 1444 1092 1505 Woltierus
1115 1446 1193 1506 dixit

110 1545 148 1604 in
170 1545 341 1623 speciminis
362 1544 488 1606 literarii
510 1545 556 1605 sui
578 1563 645 1622 pag.
661 1549 719 1603 183
733 1544 778 1623 ²):
799 1566 874 1632 ‘cum
890 1551 989 1607 autem
1004 1547 1192 1624 Empedoclis

112 1667 234 1708 carmen
249 1648 342 1708 multa
359 1648 519 1719 contineat,
541 1665 618 1726 quae
640 1651 769 1723 poetam,
791 1652 826 1708 ut
840 1667 875 1707 ea
890 1649 1065 1723 imitaretur,
1088 1651 1192 1710 stimu-

111 1751 176 1810 lare
196 1751 331 1823 debeant,
353 1751 386 1810 in
404 1750 514 1830 quibus
530 1749 687 1809 Lucretius
702 1750 933 1826 Agrigentinum
949 1770 1009 1810 non
1028 1750 1193 1813 aemulatus

112 1856 169 1926 est,
192 1851 348 1929 probabile
370 1855 416 1912 est
438 1870 481 1924 ea,
504 1870 581 1932 quae
603 1851 733 1931 aliquam
756 1852 885 1930 speciem
914 1853 1119 1915 similitudinis
1139 1857 1194 1914 ha·

111 1956 213 2027 beant,
237 1973 297 2013 non
320 1957 381 2013 tam
403 1954 531 2032 ex'ipso
548 1954 727 2030 Empedocle
750 1960 868 2032 sumpta
883 1974 947 2016 esse
964 1976 1052 2035 quam
1068 1976 1107 2016 ex
1121 1959 1193 2035 Epi·

112 2045 204 2117 curo.’
227 2060 257 2116 et
278 2055 337 2116 iam
361 2061 448 2117 autea
469 2075 535 2136 pag.
552 2059 629 2114 160:
660 2055 775 2142 ‘Potius
803 2056 948 2116 credimus
970 2058 1134 2135 Epicurum
1157 2062 1193 2120 de

111 2159 226 2218 morbis
242 2160 428 2233 scribentem,
452 2178 518 2218 cum
537 2160 573 2218 de
590 2162 675 2237 peste
697 2163 807 2234 ageret,
822 2158 1003 2237 Thucydidis
1019 2161 1193 2239 descriptio-

112 2280 184 2320 nem
207 2266 341 2322 secutum
364 2281 443 2337 esse,
474 2260 618 2321 nonnulla
639 2260 801 2334 addidisse,
831 2260 890 2319 alia
911 2281 987 2340 quae
1010 2264 1194 2323 emendanda

112 2364 144 2424 ei
165 2363 340 2425 viderentur
361 2365 533 2425 emendasse
556 2368 586 2424 et
608 2363 780 2423 Lucretium
802 2363 937 2439 magistri
958 2364 1085 2438 vestigia
1111 2385 1194 2443 pres·

112 2456 207 2528 siese.’
250 2465 297 2527 De
318 2467 418 2544 priore
441 2465 590 2527 sententia
616 2465 693 2525 nihil
715 2465 789 2525 certi
811 2465 953 2524 affirmari
981 2469 1093 2542 potest,
1124 2487 1193 2526 nam

112 2569 288 2647 Epicureos,
319 2570 370 2648 qui
393 2573 462 2629 ante
485 2567 656 2630 Lucretium
679 2567 830 2640 vixerunt,
858 2567 891 2626 in
920 2567 1025 2628 studiis
1047 2570 1194 2646 Empedo-

113 2670 188 2730 cleis
215 2674 349 2732 versatos
379 2691 443 2731 esse
475 2676 602 2732 testatur
630 2670 736 2731 titulus
764 2670 908 2730 librorum
934 2671 1112 2731 Hermarchi
1141 2672 1194 2752 qui

113 2777 217 2834 exstat
239 2772 319 2850 apud
340 2772 506 2850 Diogenem
528 2773 680 2833 Laertium
702 2772 742 2846 X,
760 2777 816 2832 25:
838 2763 1014 2859 ‘dasorolsnci
1037 2769 1106 2852 περὶ
1126 2765 1194 2851 Ἐμ-

114 2870 298 2945 neocastren
320 2871 413 2935 εἶἰιοσι
443 2871 493 2933 nal
516 2868 595 2952 δόθ’,
627 2880 658 2935 et
679 2893 739 2948 eos,
762 2894 828 2934 cum
851 2894 933 2933 suam
956 2875 1119 2936 doctrinam
1142 2896 1194 2937 ex·

113 2983 273 3056 ponerent,
295 2996 400 3041 versus
420 2977 503 3054 ipsos
519 2977 707 3056 Empedoclis
725 2977 860 3037 attulisse
881 2977 1072 3038 manifestum
1094 2983 1194 3039 estex

112 3080 221 3156 fragm.
244 3081 323 3157 apud
344 3079 469 3141 Sextum
491 3083 558 3143 adv.
582 3081 721 3141 matham.
737 3080 795 3155 XI,
812 3086 851 3139 96
874 3100 904 3157 p.
922 3086 992 3154 560,
1009 3085 1049 3139 26
1072 3080 1194 3160 (Bekk.)

114 3188 251 3245 servato:
273 3173 344 3242 Ἀλλ’
367 3175 495 3242 εἰώθασί
516 3201 592 3253 τινες
613 3183 673 3241 τῶν
695 3174 757 3242 clud
776 3182 829 3259 τῆς
849 3173 1031 3262 Ἐπικούρου
1053 3179 1194 3263 αἱρέσεως

114 3277 195 3366 apto
219 3276 273 3356 τὰς
294 3264 434 3355 volaticae
456 3278 587 3365 ιἰιιορὶας
607 3277 797 3355 ὑπαντῶντες
819 3280 910 3364 λέγειν
927 3279 972 3345 ὅτι
987 3286 1125 3359 φυσικῶς
1143 3283 1193 3346 καὶ

115 3380 289 3457 ἀδιδάκτως
317 3379 350 3447 τό
373 3387 450 3471 ζῷον
472 3381 576 3468 φεύγει
604 3382 657 3465 μὲν
685 3381 741 3466 τήν
762 3379 929 3468 ἀλγηδόνα,
961 3380 1064 3448 διώκει
1086 3382 1119 3448 δὲ
1140 3382 1195 3467 τήν

115 3482 247 3568 ἡδονήν·
269 3483 415 3569 γεννηθὲν
437 3486 584 3570 pedanei
606 3485 731 3567 μηδέπω
753 3493 816 3560 τοῖς
837 3481 913 3549 carol
931 3481 1022 3560 δόξαν
1039 3488 1194 3565 δουλεῦον,

115 3585 180 3670 ἅμα
208 3592 250 3674 τῷ
272 3587 460 3670 ραιιισθῆναι
490 3585 682 3669 ἀσυνήθει
711 3587 802 3672 ἀέρος
831 3585 920 3667 ψύξει
948 3588 1135 3652 Βιιλιινσὲν
1157 3613 1195 3652 τε

116 3689 180 3755 καὶ
201 3687 392 3755 indevota
400 3739 409 3768 ,
432 3696 542 3776 quibus
558 3695 591 3755 in
605 3695 742 3757 versibus
758 3693 923 3772 Epicureus
937 3695 989 3758 ille
1003 3695 1088 3757 Sexti
1102 3699 1196 3760 verba

116 3796 316 3875 Empedoclea
337 3817 385 3859 vv.
403 3801 463 3856 385
480 3818 546 3879 sqq.
570 3797 627 3877 (ed.
644 3797 741 3874 Stein)
764 3798 935 3859 recordatus
957 3803 1019 3860 est:

187 3953 214 4012 1)
238 3952 268 3998 cf.
287 3950 385 4009 Zeller,
411 3950 479 4014 phil.
498 3951 522 3998 d.
542 3949 648 3998 Grieeh!
672 3950 724 4009 ΙΙΙ,
744 3952 782 3998 lc
805 3952 892 4010 poll
917 3952 972 3999 adn.
985 3952 1017 3999 11.
1051 3952 1081 3999 R.
1100 3952 1194 4011 Hirzel,

117 4034 348 4095 «Untersuchungen
365 4050 397 4083 zu
415 4034 515 4084 Ciceros
532 4036 594 4097 phil.
613 4035 740 4084 sohrilten’
759 4036 772 4081 Ι
788 4050 814 4096 p.
828 4039 860 4086 98
879 4037 934 4084 adn.
948 4039 971 4087 1.

188 4122 213 4183 2)
230 4119 340 4170 Lucretii
357 4120 517 4184 philosophia
533 4135 590 4170 cum
607 4120 718 4170 sonabas
735 4125 886 4183 comparata,
905 4120 1047 4182 Groningae
1067 4123 1142 4175 18⁷⁷.

977 4214 999 4266 h
