2616 4582
510 244 701 310 ..8-

68 403 242 474 inciderunt,
269 410 376 460 terrum
399 402 516 458 concuti
534 397 663 458 senties!
706 398 791 471 ,uuas
813 401 906 460 verba
928 400 953 459 si
977 400 1146 460 considera-

67 505 162 579 veris,
194 509 225 564 et
252 502 402 564 simillima
428 521 492 562 osse
515 502 703 563 Lucretianis
734 505 765 561 et
786 501 957 562 Lucretium
985 502 1045 562 tale
1074 503 1147 583 quid

68 629 118 669 vv.
136 610 280 667 548-51
299 604 481 681 expressisse
496 605 646 664 fateberis.
690 605 786 663 Rotae
802 604 952 683 utrimque
967 606 1054 663 modo
1070 605 1147 665 rima

68 710 222 770 salebrave
243 706 362 768 concuti
383 711 517 784 possunt.
562 707 677 787 Itaque,
701 705 753 786 qui
776 707 934 765 emendare
955 707 1029 781 nde,
1052 728 1145 766 unum

68 812 156 871 modo
184 811 355 887 exemplum
382 828 400 868 a
426 813 516 886 poeta
543 808 664 868 allatum
694 811 725 868 et
752 809 877 868 verbum
908 809 988 889 quod
1015 808 1146 868 Senecae

69 913 193 974 salebris
216 911 312 973 simile
335 913 374 973 sit
396 910 603 971 coniciendum
624 930 689 971 csse
711 912 863 971 concedet.
907 912 1055 991 Equidem
1076 932 1145 989 pro-

69 1035 192 1094 ponam:
215 1034 275 1095 ,uec
297 1016 389 1073 minus
409 1015 545 1072 ccultant
561 1012 671 1086 fissura
694 1012 852 1091 ubicunque
866 1011 939 1072 uiui’
961 1032 1059 1092 neque
1074 1034 1146 1076 vero

69 1118 249 1179 rarissimum
272 1136 335 1177 esse
357 1135 462 1178 vocem
483 1107 606 1202 ‘fissura'
627 1116 737 1176 celabo.

73 1227 76 1233 ’
154 1221 320 1299 Hucusque
347 1219 441 1294 igitur
469 1217 626 1294 speluncas
647 1218 697 1278 vel
719 1221 836 1278 montes
866 1216 929 1278 sive
956 1218 989 1276 in
1018 1218 1147 1278 solidum

69 1323 133 1385 sive
161 1321 194 1380 in
216 1341 324 1402 aquam
346 1321 515 1382 decidentes
544 1321 747 1381 concussionis
770 1339 874 1380 causas
902 1339 967 1379 esse
989 1320 1147 1381 Lucretius

70 1424 287 1486 demonstravit
308 1425 411 1484 eadem
433 1423 564 1497 ratione,
597 1442 656 1504 qua
677 1423 880 1483 Anaximenes
902 1424 981 1499 apud
1003 1422 1147 1482 Senecam

68 1528 107 1588 N.
124 1527 159 1591 Q.
179 1527 232 1599 VI,
251 1530 300 1600 10,
320 1523 394 1604 1⁵):
423 1525 552 1602 ,Terram
580 1528 669 1603 ipsum
693 1527 736 1583 aii
756 1525 815 1583 eibi
833 1544 894 1583 esse
916 1544 1031 1583 causum
1056 1535 1147 1582 mutius

69 1649 121 1688 nec
143 1630 321 1687 euirsbsecus
344 1629 504 1698 incurrere,
530 1628 607 1705 quod
626 1629 707 1686 silum
726 1628 865 1703 impellat,
890 1628 941 1684 sed
957 1630 1035 1686 s‘niru
1054 1630 1148 1704 speum

69 1741 98 1790 et
111 1752 149 1790 ecc
163 1733 235 1809 ipsu.
264 1731 399 1809 quosdam
422 1730 496 1788 enim
514 1740 617 1806 paries
639 1732 699 1789 eius
714 1730 854 1802 decidere,
880 1749 952 1808 quus
974 1739 1026 1788 cut
1046 1730 1147 1788 lesmor

70 1835 225 1894 recoluerit
249 1842 302 1892 aut
328 1835 406 1910 s‘gnis
428 1832 557 1891 exederit
583 1841 636 1890 cut
656 1835 777 1910 spititus
803 1833 941 1891 uiolentia
964 1831 1147 1891 secesserit!

72 1977 182 1995 .....
208 1935 284 1994 Tum
307 1934 376 2014 §2²
398 1934 508 2015 ,deiude
528 1953 591 1992 cum
614 1934 779 1993 ceciderunt
800 1934 853 2012 (sc.
866 1943 968 2013 partes
990 1943 1085 1994 terrae
1101 1955 1147 1992 ue·

71 2047 177 2097 tusiute
198 2037 323 2116 solutae)
344 2037 438 2095 solido
460 2045 595 2113 exceptae
616 2037 754 2095 resiliunt
774 2055 851 2094 more
869 2039 966 2115 pilae,
991 2057 1063 2116 quus
1084 2058 1148 2097 cum

71 2142 183 2212 cecidit,
209 2141 324 2199 excultat
344 2158 379 2198 uc
401 2141 517 2216 saepius
534 2139 670 2215 pellitur,
696 2141 799 2197 totiens
821 2140 916 2197 aeolo
932 2142 961 2198 in
978 2159 1079 2198 nouum
1095 2143 1148 2200 im-

67 2251 165 2321 petum
196 2244 294 2300 missu.
341 2243 378 2300 Si
396 2261 462 2300 uero
486 2243 515 2300 iu
537 2240 740 2318 stagnantibus
762 2243 846 2319 aquis
867 2243 963 2300 deletu
985 2252 1068 2314 suut,
1101 2242 1149 2300 hic

71 2346 132 2422 ipse
147 2364 231 2403 casus
247 2345 342 2402 octabu
357 2346 484 2402 concutit
490 2344 600 2424 fluctu,
626 2362 705 2420 quem
717 2343 841 2402 subitum
854 2353 1019 2423 vastumque
1030 2346 1148 2404 sulatum

137 2471 141 2490 ›
180 2472 185 2493 o
220 2447 323 2525 cadus
344 2443 446 2504 eiecit!

157 2550 287 2612 Tertiam
309 2546 534 2608 concussionum
557 2567 674 2608 causam
695 2550 819 2609 ventum
841 2567 905 2608 esse
926 2547 1023 2609 voluit
1050 2552 1148 2623 poeta,

71 2649 167 2715 tribus
182 2650 342 2728 generibus
357 2649 512 2710 distinctis.
556 2652 595 2709 In
614 2671 664 2712 vv.
681 2650 828 2710 ees-tc
852 2651 940 2725 enim,
963 2655 1079 2724 ventus,
1102 2652 1148 2710 in·

73 2756 148 2836 quit,
171 2754 223 2834 qui
245 2773 300 2830 per
321 2753 387 2812 loca
408 2752 537 2813 subcava
559 2757 656 2813 terrae
677 2752 740 2826 flat,
766 2753 799 2811 in
821 2771 881 2811 una
902 2757 985 2830 parte
1007 2753 1149 2813 collectus

73 2877 113 2916 ex
134 2875 170 2916 aa
191 2854 361 2932 procumbit
382 2858 413 2914 ot
435 2854 564 2914 obnixus
592 2873 713 2930 magnes
736 2854 892 2930 speluncas
921 2855 963 2915 ita
984 2859 1085 2931 urget,
1114 2858 1150 2915 ut

71 2963 152 3019 terra
180 2958 213 3017 in
235 2962 438 3019 transversum
461 2957 647 3018 concutiatur
677 2959 707 3016 et
728 2960 808 3017 tecta
837 2977 926 3034 supra
953 2961 1083 3034 partem,
1114 2957 1148 3015 in

72 3080 161 3140 quam
183 3064 292 3123 ventus
313 3059 389 3133 ruit,
417 3059 560 3120 collocata
582 3080 648 3120 cum
670 3078 706 3119 aa
726 3059 870 3121 inclinata
892 3062 999 3121 abeant
1019 3059 1053 3118 in
1076 3079 1147 3118 eun-

72 3164 138 3221 dem
153 3161 272 3240 prodita
285 3166 409 3240 partem.
446 3160 528 3225 Quin
542 3162 631 3223 etiam
646 3162 747 3223 trabes
762 3162 964 3223 aedificiorum
979 3166 1148 3239 protractae

70 3265 253 3342 impendent.
276 3264 388 3325 'Terra
408 3264 502 3341 igitur
523 3264 644 3326 vacillat
664 3267 700 3324 ut
719 3264 874 3340 navigium
895 3265 983 3323 undis
1004 3265 1147 3324 iactatum

71 3370 103 3428 et
123 3365 278 3439 incumbit,
301 3366 358 3425 nisi
381 3366 464 3428 venti
486 3366 643 3443 respirant.
687 3367 740 3426 Sin
762 3371 861 3427 autem
882 3366 998 3427 collecti
1021 3368 1148 3427 redeunt

72 3470 240 3549 ceduntque
255 3468 375 3545 repulsi,
398 3472 477 3530 retro
499 3469 616 3528 recellit
636 3473 716 3529 terra
738 3472 768 3528 et
789 3469 897 3546 recipit
918 3468 1057 3546 prolapsa
1079 3490 1147 3529 suas

71 3571 104 3630 in
126 3572 258 3647 pondera
279 3571 373 3631 sedes.
417 3571 684 3632 Hancdoctrinam
707 3572 910 3631 deterrarum
933 3572 1062 3632 motibus
1078 3573 1147 3631 Ari-
1221 3635 1225 3640 ,

72 3673 237 3733 stotelicam
260 3693 324 3733 esse
347 3678 377 3734 et
391 3673 641 3750 Theophrasteam
665 3677 747 3749 patet
767 3694 806 3732 ex
825 3674 913 3733 Aetio
931 3675 990 3748 III,
1009 3678 1056 3747 15,
1076 3679 1092 3732 5
1117 3680 1148 3734 et

72 3775 185 3834 Seneca
200 3775 252 3848 VI,
273 3780 319 3850 13,
338 3780 364 3834 1.
408 3776 502 3835 Porro
519 3797 568 3837 vv.
585 3775 731 3834 576-90
755 3780 852 3836 terrae
870 3782 967 3837 motus
984 3783 1055 3837 tunc
1073 3798 1146 3857 quo-

73 3895 131 3958 que
147 3876 218 3935 oriri
235 3878 397 3951 contendit,
420 3878 539 3958 quando
554 3883 662 3940 ventus
685 3882 738 3940 aut
759 3878 946 3940 extrinsecus
967 3879 1145 3954 insinuatus,

142 4100 169 4162 5)
186 4099 217 4147 ct‘.
236 4101 310 4149 etiam
329 4099 663 4159 Aristotelismeteorol.11,
682 4102 706 4159 i,
725 4095 794 4148 3651)
813 4099 836 4148 d.
