2616 4582
544 265 756 329 „20-

112 421 215 481 tulisse
237 420 308 479 inde
330 419 447 495 colligo,
471 421 551 499 quod
573 420 637 479 eius
659 418 767 480 divisio
790 417 864 476 mihi
887 417 977 477 etiam
999 417 1079 492 apud
1102 414 1197 474 Sene·

113 543 176 583 cam
199 523 319 585 videtur
348 522 477 599 perspici
501 541 596 598 posse.
641 523 672 581 Is
695 521 774 579 enim
799 539 861 596 cap.
879 524 919 579 22
943 520 980 577 de
1003 516 1198 577 succussione

113 625 190 701 egit,
222 626 257 683 de
288 629 371 683 motu
399 623 567 703 quatiente,
599 623 645 683 cui
669 622 821 682 Posidonii
846 611 1046 707 ‘dooopcrlav’
1069 619 1199 679 similem

113 748 177 788 esse
200 732 303 788 auctor
323 727 392 786 libri
416 728 452 785 de
472 728 582 786 mundo
597 726 642 786 IV
657 745 685 801 p.
701 726 792 784 3951>
809 730 847 782 36
863 744 927 803 sqq.
952 722 1100 783 ostendit:
1128 720 1198 778 Τῶν

114 825 146 889 dl
169 831 296 905 σεισμῶν
319 824 424 903 οἱμὲν
446 825 487 897 εἰς
510 822 619 906 πλάγια
641 825 768 895 σείοντες
795 817 858 884 κατ’
882 821 979 896 ὀξείας
1002 821 1110 903 γωνίας
1135 819 1198 883 ἔπι·

708 949 810 997 ονντες
833 924 884 987 καί
906 921 988 986 καίτοι
1010 917 1074 985 κατ’
1097 917 1201 1004 ὀρθοίς

116 1036 227 1114 γωνίας
249 1027 384 1111 βροίσται,
407 1031 439 1093 ol
455 1028 487 1091 di
505 1025 668 1109 συνιζήσεις
691 1031 846 1099 ποιοῦντες
869 1026 910 1098 είς
927 1024 963 1088 τοί
978 1030 1062 1087 κοῖλα
1085 1044 1201 1105 γασμα·

114 1136 180 1196 τίαι.
219 1135 251 1195 οί
271 1132 304 1195 δὲ
325 1130 459 1213 χάσματα
482 1130 650 1214 ἀνοίγοντες
674 1130 724 1192 καί
748 1135 803 1212 γῆν
826 1125 1064 1210 ἀναρρηγνύντες
1088 1128 1200 1208 ρἦιται

116 1240 285 1299 καλοῦνται.
330 1239 403 1297 Tum
434 1239 466 1296 in
489 1257 553 1314 cap.
570 1243 609 1296 23
638 1237 676 1295 ad
698 1236 821 1296 alteram
850 1234 1054 1294 inclinationis
1077 1253 1200 1294 causam

116 1342 225 1401 transit
246 1344 277 1400 et
299 1359 360 1415 cap.
379 1343 462 1412 24,3
486 1341 640 1398 horrorem
662 1342 785 1411 tractat,
816 1356 905 1416 quem
934 1337 999 1412 ipse
1028 1341 1202 1407 tremorem,

118 1443 296 1502 Posidonius
312 1439 481 1516 σεισματίαν
496 1440 658 1518 appellant.
696 1440 763 1499 Hoc
778 1440 867 1498 etiam
882 1444 1000 1498 constet
1014 1457 1053 1498 ex
1068 1436 1202 1497 auctoris

118 1546 154 1604 de
182 1546 291 1603 mundo
322 1562 410 1623 quem
442 1563 531 1620 supra
559 1542 726 1618 significavi
756 1542 836 1600 loco:
868 1537 899 1600 οί
925 1536 956 1599 δὲ
979 1532 1203 1608 ἄνατοοίίίοντες

119 1643 168 1706 καί
191 1649 256 1716 ταῖς
279 1642 320 1715 είς
337 1638 475 1724 ἑκάτερον
498 1642 639 1723 ἐγκλίσεσι
663 1642 714 1703 καί
730 1637 911 1702 ἀναπάλσεσι
934 1641 1131 1722 διορθοῦντες
1150 1637 1200 1700 ἀεί

119 1742 152 1807 τό
177 1741 331 1824 σειόμενον
352 1745 513 1822 παίματίαι
535 1743 679 1825 λέγονται,
702 1739 803 1828 τρόμῳ
827 1738 928 1814 πάθος
945 1738 1051 1820 ὅμοιον
1067 1737 1201 1824 ἇττεργα-

123 1845 248 1927 ζόμενοι.

206 1956 350 2014 Senecam
373 1960 471 2014 autem
493 1954 712 2013 accuratissime
734 1954 849 2013 fontem
871 1973 955 2012 suurn
979 1957 1112 2013 secutum
1135 1972 1203 2013 esse

120 2078 207 2116 nemo
230 2056 361 2132 negabit,
386 2056 438 2136 qui
460 2057 645 2134 reputaverit
666 2075 751 2128 eum,
775 2074 953 2135 quamquam
977 2054 1008 2113 in
1032 2075 1095 2131 cap.
1114 2061 1165 2128 21,
1184 2061 1202 2113 2

120 2160 241 2221 tertium
263 2178 357 2234 genus
380 2159 477 2232 adicit,
501 2178 648 2238 nusquam
672 2159 770 2217 dicere
793 2177 824 2217 se
847 2159 883 2216 ed
906 2158 936 2215 id
959 2157 1088 2217 transire
1111 2157 1203 2231 velle,

122 2264 173 2322 sed
203 2261 284 2320 illius
306 2280 428 2337 prorsus
457 2281 520 2320 esse
544 2261 677 2320 oblitum.
723 2260 919 2319 Succussione
948 2259 1028 2318 enim
1051 2263 1082 2319 et
1104 2265 1205 2320 terrae

122 2365 245 2424 horrore
261 2363 419 2440 explicatis
440 2363 472 2421 in
495 2382 557 2440 cap.
575 2367 625 2436 24,
644 2368 660 2420 5
684 2365 720 2422 de
741 2363 835 2435 hiatu,
857 2363 889 2421 in
912 2382 975 2439 cap.
993 2367 1032 2420 25
1057 2364 1139 2422 etde
1157 2364 1205 2421 in·

122 2466 283 2526 clinatione
305 2471 335 2525 et
357 2466 393 2524 de
415 2465 500 2525 hiatu
523 2465 667 2523 nonnulla
689 2464 836 2541 exposuit.
883 2463 969 2527 Quod
985 2464 1009 2523 si
1025 2483 1130 2525 verum
1147 2471 1203 2538 est,

123 2569 236 2649 Seneca
265 2587 297 2626 re
319 2587 391 2628 vera
412 2573 540 2647 quatuor
569 2586 679 2643 genera
706 2569 738 2625 in
764 2566 849 2627 fonte
872 2586 925 2625 suo
948 2567 1097 2643 descripta
1119 2566 1205 2643 legit,

125 2671 261 2748 quamvis
283 2675 386 2730 auctor
408 2669 639 2729 Posidonianam
663 2669 903 2729 distributionem
926 2686 986 2727 non
1008 2671 1160 2744 probaret

209 2776 251 2832 At
273 2772 430 2832 Lucretius
452 2772 510 2832 tria
532 2791 642 2846 genere
664 2771 780 2844 attulit,
803 2771 1047 2844 inclinationem,
1078 2772 1205 2846 hiatum,

125 2876 294 2947 horrorem,
327 2874 378 2932 ille
408 2873 547 2953 quatuor!
591 2874 633 2933 Ut
654 2892 772 2934 causam
800 2874 888 2933 huius
918 2873 961 2932 rei
984 2873 1206 2950 intellegamus,

124 2995 281 3052 exponam,
304 2977 451 3053 quomodo
474 2977 548 3033 mihi
570 2976 680 3051 fingam
696 2976 867 3035 Lucretium
884 2981 1062 3036 commotum
1079 2995 1144 3035 esse
1168 2978 1207 3036 ad

126 3078 217 3137 Stoici
248 3076 329 3135 illius
356 3077 448 3136 libros
476 3078 508 3134 in
531 3097 617 3137 usum
640 3097 725 3136 suum
748 3079 918 3139 vertendos.
962 3078 1056 3137 Poeta
1078 3098 1145 3137 cum
1171 3080 1208 3137 de

126 3185 223 3238 terrae
246 3178 375 3238 motibus
397 3179 524 3256 scripsit,
548 3178 605 3238 sibi
628 3179 777 3255 persuasit
792 3180 912 3255 Epicuri
935 3185 965 3239 et
980 3180 1136 3240 Posidonii
1159 3200 1209 3240 ro-

128 3282 227 3341 tiones
248 3281 335 3342 valde
358 3282 469 3340 similes
487 3301 559 3340 esse.
603 3282 680 3340 Nam
696 3282 915 3341 Anaximeneas
930 3282 1080 3343 doctrinas
1095 3290 1127 3344 et
1140 3284 1208 3360 ipse

129 3404 178 3445 vv.
196 3385 340 3442 543—47
365 3389 396 3443 et
419 3389 565 3442 552-56
587 3384 718 3443 reddidit
740 3389 770 3443 et
791 3385 938 3460 Epicurus
960 3386 1040 3460 apud
1062 3386 1207 3445 Senecam

130 3505 193 3562 cap.
207 3491 246 3543 20
263 3491 294 3545 et
309 3487 485 3546 Posidonius
501 3488 579 3562 apud
592 3486 832 3563 Asclepiodotum
848 3487 880 3544 in
892 3485 1020 3546 Senecae
1037 3506 1099 3562 cap.
1114 3494 1163 3561 22,
1179 3494 1208 3548 2.

132 3588 197 3650 Qua
213 3588 368 3648 Lucretius
387 3609 435 3650 vv.
453 3588 598 3647 557-67
622 3588 846 3648 inclinationem
868 3588 933 3647 fieri
955 3589 1060 3662 voluit,
1082 3591 1210 3648 candem

131 3709 248 3748 causam
270 3695 366 3750 torrae
389 3696 487 3750 motus
509 3691 656 3768 Epicurus
678 3691 808 3751 ostendit
835 3693 912 3767 apud
936 3691 1056 3750 Aetium
1079 3693 1139 3766 ΙΠ,
1160 3699 1210 3767 15,

135 3797 182 3865 ll,
206 3792 317 3851 Seneca
339 3811 401 3868 cap.
418 3796 466 3865 25,
490 3794 642 3853 Posidonii
665 3783 835 3880 ⁴almerico?
858 3793 1043 3864 describens3
1066 3795 1103 3853 de
1124 3795 1211 3856 hiatu

133 3894 264 3952 Lucretii
288 3897 349 3971 (vv.
370 3885 528 3972 577—'84)
557 3896 713 3970 magister,
744 3896 817 3967 etsi,
848 3895 948 3974 qualia
970 3913 1079 3971 genera
1100 3904 1211 3959 ventus

133 3996 288 4069 effecisset,
312 4015 371 4055 non
388 3996 472 4070 vidit,
496 3998 621 4058 fortasse
637 3999 715 4073 apud
731 3998 873 4066 Senecam
895 3999 972 4074 (cap.
990 4003 1039 4071 20,
1057 3999 1073 4056 7
1098 4001 1169 4058 inde
1193 4019 1211 4059 a
