2616 4582
553 1072 681 1164 *Caput
705 1071 735 1143 1.

473 1221 528 1287 Do.
544 1225 650 1288 terrae
671 1221 819 1289 motibus,

198 1414 253 1476 Vs.
277 1417 423 1473 tac-42
456 1412 613 1474 Lucretius
642 1413 743 1486 docet,
777 1412 885 1491 quibus
916 1413 1011 1473 causis
1042 1417 1190 1473 terrarum

112 1520 210 1578 motus
225 1515 307 1577 fiant.
351 1514 491 1588 Inferior,
513 1515 621 1595 inquit,
645 1520 675 1574 et
693 1514 828 1593 superior
845 1518 925 1574 terra
946 1514 1036 1592 plana
1058 1520 1104 1575 est
1122 1535 1191 1592 ape-

111 1619 208 1679 lunois
230 1623 261 1678 et
281 1618 391 1678 multos
412 1616 493 1676 lacus
516 1617 684 1698 multasque
712 1617 836 1677 lucunas
864 1617 896 1674 in
919 1617 1031 1691 gremio
1055 1618 1192 1679 continet

112 1726 142 1783 et
163 1740 253 1797 rupes
275 1722 460 1799 deruptaque
483 1738 568 1793 saxa,
600 1720 694 1779 multa
715 1739 835 1799 quoque
865 1719 990 1778 flumina
1018 1721 1073 1778 sub
1102 1700 1191 1794 tergo

114 1824 177 1883 eius
198 1824 308 1882 fluctus
329 1822 456 1883 volvunt
478 1827 509 1882 et
531 1841 611 1882 saxa.
655 1822 713 1881 His
727 1822 820 1897 igitur
835 1824 924 1881 robus
939 1822 1105 1882 subiunctis
1121 1843 1191 1899 sup-

113 1925 288 2006 positisque,
311 1928 342 1984 et
363 1923 511 2000 speluncis
534 1930 565 1985 et
585 1925 710 2001 rupibus
733 1928 763 1984 et
785 1943 869 2003 aqua,
892 1928 972 1983 terra
993 1923 1102 1998 tremit,
1127 1925 1191 1986 sive

116 2048 181 2088 cum
211 2028 349 2104 ingentes
379 2026 537 2103 speluncae
566 2031 662 2087 aetate
694 2028 842 2087 subruunt
871 2025 1046 2104 (ata-45)
1068 2027 1193 2088 -hoo

116 2134 216 2191 autem
245 2129 352 2189 mirum
381 2149 442 2188 non
472 2133 531 2203 est,
564 2149 632 2188 nam
655 2129 711 2190 toti
734 2133 850 2188 montes
873 2129 927 2190 sub
949 2133 1029 2188 terra
1051 2129 1195 2190 decidunt

114 2250 434 2311 magnoqueconoussu
444 2250 546 2291 eorum
556 2232 804 2308 disserpuntindc
814 2235 956 2292 tremores
965 2231 1192 2309 (ela—47>—

39 2376 54 2382 -»
115 2335 179 2395 sive
201 2353 267 2394 oum
290 2334 377 2409 gleba
397 2334 503 2410 ingens
525 2335 557 2392 in
580 2353 701 2409 magnas
721 2355 816 2415 aquae
838 2336 961 2394 lucunas
983 2336 1191 2394 subterraneas

115 2439 264 2497 vetustate
280 2455 296 2496 e
311 2440 391 2498 terra
404 2436 593 2513 provolvitur
607 2438 658 2510 ita,
672 2442 707 2498 ut
723 2439 787 2498 eius
802 2437 973 2515 superficies
988 2455 1083 2516 aquae
1097 2437 1192 2498 fluctu

115 2539 226 2616 iactata
246 2538 368 2599 vacillet
388 2539 571 2617 (552-54).
617 2538 697 2603 Quas
720 2541 791 2600 duas
814 2559 915 2600 causas
936 2545 1025 2618 poeta
1046 2538 1192 2616 exemplis

119 2640 246 2717 amplius
272 2640 468 2715 illustratet,
498 2645 533 2701 ut
554 2643 680 2703 alterum
701 2643 893 2721 praecipiam,
922 2643 956 2701 in
977 2663 1026 2704 vv.
1045 2645 1190 2701 555—56

119 2743 252 2820 exponit,
276 2745 424 2824 quomodo
446 2748 527 2804 terra
547 2745 676 2820 vacillet,
699 2765 794 2827 aquae
814 2747 909 2806 fluctu
930 2745 1055 2805 iactata:

245 2855 280 2904 ut
298 2866 348 2905 vus
370 2848 510 2907 sistendum
533 2865 589 2906 non
611 2849 839 2926 postmortem,
864 2850 925 2906 nabi
944 2866 1026 2906 umor

246 2949 357 3008 destitit
376 2936 406 3008 in
428 2948 513 3008 dubio
527 2951 626 3031 stacta
648 2952 789 3012 iactarier
810 2951 898 3008 intas.

118 3052 206 3113 Prius
228 3051 400 3128 exemplum
421 3053 521 3114 verbis
543 3057 583 3140 ‘et
603 3045 719 3113 morito'
740 3074 789 3115 vv.
807 3052 953 3112 sca-47
977 3053 1129 3128 adiungit,
1162 3056 1192 3111 et

119 3155 176 3215 ait:
198 3159 241 3241 ‘ut
257 3174 312 3231 par
330 3159 383 3228 est,
405 3159 485 3216 terra
501 3155 602 3216 tremit
624 3159 654 3215 et
675 3155 736 3216 late
758 3156 928 3232 disserpunt
948 3154 1018 3214 inde
1040 3158 1190 3228 tremores,

118 3258 170 3318 ubi
193 3258 351 3334 speluncae
380 3259 590 3318 subterraneae
617 3262 647 3318 et
669 3263 785 3318 montes
808 3259 929 3331 cadunt,
963 3258 1104 3338 quoniam
1131 3276 1191 3317 non

119 3379 226 3435 magno
256 3360 388 3437 pondere
419 3360 544 3437 plaustri
576 3380 734 3421 concussae
765 3362 868 3421 domus
897 3379 991 3436 prope
1022 3358 1101 3421 viam
1132 3362 1190 3419 tre·

119 3466 262 3540 mereunt,
284 3481 340 3522 nec
354 3463 452 3522 minus
467 3463 611 3537 exultant,
633 3464 812 3543 ubicumque
833 3463 894 3524 viai
916 3481 963 3520 res
979 3461 1078 3539 otr'quu
1100 3462 1192 3519 ferra·

119 3570 167 3626 tos
182 3571 313 3627 rotarum
329 3566 415 3624 orbes
429 3565 580 3647 utrimque
596 3566 730 3638 succutit,
755 3584 843 3645 quam
864 3568 944 3624 terra
965 3564 1088 3624 tremuit
1110 3583 1192 3623 mon-

119 3671 200 3730 tibus
222 3674 253 3730 et
273 3671 368 3730 antris
384 3663 603 3729 decidentibus?
649 3669 790 3729 Consulto
808 3668 886 3727 nihil
908 3668 987 3726 aliud
1011 3667 1107 3725 adhuc
1130 3666 1193 3726 dixi

121 3795 210 3855 quam
239 3775 348 3862 ‘aliqua
375 3791 423 3833 res
452 3774 538 3832 orbes
566 3762 702 3832 succutit'
731 3790 798 3829 nam
817 3773 909 3832 verba
930 3769 1017 3830 valde
1046 3772 1193 3845 corrupta,

122 3897 300 3962 quamquam
329 3875 450 3954 plurimi
480 3894 584 3935 sanare
613 3874 711 3934 conati
738 3875 820 3945 sunt,
850 3877 930 3932 certo
961 3871 1111 3932 emendari
1142 3889 1193 3930 ne-

123 3980 284 4064 queunt4).
328 3979 480 4038 Traditum
509 3986 555 4038 est
584 3978 617 4036 in
647 3998 675 4038 v.
693 3981 769 4035 550:
799 3994 851 4033 neo
879 3977 971 4033 minus
1001 3975 1137 4033 exultant
1164 3993 1195 4031 es

191 4123 217 4182 4)
236 4119 400 4168 coniecerunt
416 4115 554 4163 Lambinus
571 4117 595 4162 et
613 4111 758 4161 Greeobius:
783 4109 827 4160 ahi
841 4125 926 4160 carrae
943 4111 1020 4174 fortio
1042 4124 1126 4172 equam
1148 4109 1193 4171 νὴ,
