2616 4582
554 246 766 311 ..32-

854 399 954 447 Seneca
970 395 1020 445 111.

709 504 748 560 16,
762 504 785 550 5.
814 500 887 559 Iade,
912 508 939 547 at
965 468 1194 559 Theophrastus

672 587 794 647 affirmat,
808 587 889 647 ps'sm
898 584 1042 644 qus'bsoedam
1050 583 1183 631 locum

672 672 770 733 horn).
1206 676 1209 682 ·

206 794 289 857 Quae
311 813 376 851 cum
399 794 442 851 ita
464 794 531 863 sint,
555 793 684 851 dubitari
706 792 820 872 nequit,
844 792 919 872 quin
940 791 1034 850 Plinii
1056 788 1179 849 narratio

121 917 174 955 nes
196 898 227 954 in
249 896 326 953 libro
350 895 460 951 XXXI
483 896 519 952 de
542 895 666 967 Haemo,
689 894 818 953 Arcadia
838 896 928 967 urbe,
953 895 1066 971 Coryco
1087 894 1178 961 monte,
1203 892 1208 897 '

121 999 281 1073 Magnesia,
306 999 341 1055 dc
357 998 530 1056 Macedonio
548 997 742 1055 Haliacmone
759 996 1000 1073 Theophrasteae
1016 996 1082 1057 sint.
1110 994 1177 1053 llius·
1199 984 1204 993 ’

121 1103 186 1159 dem
211 1100 382 1176 philosophi
406 1120 525 1178 quoque
547 1100 663 1157 fabulas
695 1117 759 1157 esse
781 1100 817 1156 de
837 1099 1044 1158 Chersonneso
1067 1096 1177 1155 Rhodie·

121 1222 200 1273 rum,
230 1204 266 1260 de
289 1202 466 1260 Thessalicis
489 1202 613 1276 Tempe,
636 1203 671 1259 de
694 1202 858 1273 Arethusa,
881 1202 918 1260 de
940 1202 1072 1277 pondere
1091 1198 1177 1276 glaciei
1201 1236 1205 1241 -

121 1312 151 1364 et
173 1325 253 1363 noxa
276 1305 353 1362 roris
376 1310 601 1381 ceterarumque
623 1323 737 1376 rernm,
768 1304 1018 1363 verisimillimum
1046 1310 1097 1363 est
1134 1300 1204 1363 Ta·'·.

120 1427 187 1465 men
210 1408 241 1464 in
264 1408 302 1465 iis
324 1425 434 1464 nomen
455 1407 584 1464 auctoris
607 1425 758 1485 nunquam
782 1406 914 1465 affertur.
959 1405 1176 1482 Theophrastese
1202 1476 1205 1482 Ι

121 1529 241 1589 quoque
265 1515 334 1568 sunt
356 1508 485 1567 Senecae
509 1508 738 1583 descriptiones,
767 1509 800 1566 in
823 1509 932 1587 quibus
954 1508 1018 1583 agii
1047 1509 1082 1566 de
1102 1506 1175 1565 lbos

121 1612 219 1670 salicis
234 1608 413 1687 Tempe²⁸),
438 1612 473 1668 de
489 1611 575 1690 aquis
598 1611 726 1669 scabiem
748 1610 952 1685 afferentibus,
975 1612 1012 1669 de
1034 1611 1129 1685 glacie,
1147 1608 1175 1665 de

120 1715 305 1773 Rhodiorum
334 1714 434 1784 fonte,
469 1730 648 1791 quamquam
679 1712 767 1771 etiam
797 1712 862 1784 hic,
894 1731 983 1791 quem
1013 1716 1125 1773 seeum
1146 1709 1176 1769 sit
1205 1774 1208 1781 ,

120 1817 303 1892 scriptorem,
326 1816 441 1873 reticet.

205 1920 276 1977 Cum
300 1925 396 1977 autem
420 1919 549 1976 Senecae
570 1918 730 1977 relationes
752 1918 784 1975 in
808 1937 870 1994 cap.
890 1923 925 1977 ll
950 1920 1038 1979 docto
1059 1918 1101 1977 illi
1122 1914 1173 1973 Iri·

123 2020 238 2080 stotelis
268 2020 412 2095 discipulo
443 2021 620 2091 debeantur,
652 2020 840 2080 manifestum
866 2026 912 2080 est
932 2027 1014 2081 recte
1036 2021 1172 2080 erucam

118 2125 252 2182 codicum
278 2125 463 2202 quorundam
491 2124 598 2181 verba:
629 2107 713 2201 ,sees
726 2126 778 2199 qai
796 2124 871 2181 aleos
892 2123 954 2201 (vel
976 2124 1065 2203 alias)
1085 2134 1173 2200 qaoque
1203 2168 1206 2175 .

117 2245 201 2284 casas
226 2227 286 2303 (vel
309 2227 427 2302 cerasos)
451 2229 624 2284 intervenire
651 2228 822 2302 optimates,
848 2230 901 2304 qui
920 2227 983 2303 (vel
1004 2226 1096 2305 quae)'
1113 2222 1172 2285 reie-

119 2331 202 2389 cisse.

205 2433 261 2491 Sed
284 2433 376 2491 verba
398 2432 461 2490 eius
484 2434 520 2490 de
544 2433 691 2491 Arethusa
713 2452 751 2490 ex
767 2434 871 2491 eodem
893 2434 977 2493 fonte
999 2436 1174 2510 sumptuosas

118 2557 179 2595 non
201 2536 353 2607 videntur,
384 2535 454 2612 quia
476 2553 551 2613 quae
576 2555 634 2593 uno
658 2543 761 2593 tenore
783 2535 916 2596 narravit
937 2536 1058 2594 aliunde
1079 2530 1176 2612 posint

204 2638 287 2695 Haec
308 2638 459 2711 paradoxa
481 2642 579 2696 autem
602 2657 663 2695 non
687 2656 725 2695 ex
748 2639 851 2696 eodem
872 2638 950 2697 libro
975 2644 1101 2717 uterque
1120 2638 1178 2695 han·

120 2742 172 2813 sit,
205 2759 272 2798 nam
304 2738 418 2796 Plinius
440 2739 565 2810 XXXI,
590 2744 630 2796 28
659 2740 746 2798 dicit:
780 2741 857 2799 circa
886 2740 1058 2800 Thessalica
1086 2740 1180 2815 Tempe

117 2845 229 2921 ,siliqua
252 2842 392 2898 sz'lvesha's
416 2843 551 2917 amplecti
572 2841 719 2898 radicibus
732 2841 845 2920 sontem
868 2862 930 2900 eum
952 2845 1061 2901 dabitur
1087 2856 1182 2919 semper

108 2948 222 3024 storeas
242 2962 383 3020 praepara.
415 2953 444 3000 et
464 2944 601 3019 precedam
624 2947 672 3001 sui
688 2948 806 3020 gesseris
828 2945 917 3004 berta
939 2948 968 3004 ia
993 2946 1087 3005 labris
1099 2944 1185 3025 scalis
1224 2990 1226 2997 .

116 3047 211 3117 or'ret',
237 3047 316 3125 quod
339 3045 572 3121 Theophrastum
597 3066 628 3104 re
645 3067 717 3106 vera
739 3048 873 3108 docuisse
895 3068 935 3107 ex
952 3048 1094 3111 Vitruvio
1110 3048 1186 3119 VIII,

118 3155 197 3223 3,15
221 3153 359 3224 apparet:
382 3150 429 3224 ,ad
443 3168 522 3224 pacm
537 3147 651 3225 ,fontem
671 3153 805 3225 praesim
822 3161 865 3208 est
880 3151 970 3209 arbor
982 3154 1105 3231 florens
1122 3172 1189 3229 per·

112 3272 203 3328 petrea
218 3249 332 3321 colore',
359 3251 409 3308 sed
425 3250 538 3309 Seneca
555 3251 614 3324 ΠΙ,
633 3257 670 3309 25
696 3253 836 3327 opinatur
857 3271 963 3333 aquam
986 3255 1020 3313 in
1042 3255 1191 3316 Thessalia
1224 3286 1226 3291 ·

116 3356 194 3414 cirea
215 3354 324 3430 Tempe
354 3371 414 3430 ,iaec
436 3353 554 3411 arbusm
577 3356 687 3431 quadem
711 3356 771 3413 alla
794 3358 872 3413 alere
894 3364 923 3412 et
944 3357 1049 3415 herim
1074 3358 1193 3421 narare!

115 3458 231 3516 Plinius
254 3456 379 3527 XXXI,
404 3460 441 3512 55
473 3457 577 3516 scribit
606 3458 786 3534 ,Rhodiorum
806 3457 919 3536 fontem
943 3462 973 3518 ia
998 3460 1217 3521 Chersonneso.

115 3581 206 3618 nono
221 3580 314 3618 anno
328 3570 519 3636 purgamenta
535 3579 662 3636 egerere,
688 3560 801 3619 Seneca
816 3581 839 3620 c.
853 3566 903 3635 26,
923 3572 1010 3638 pos!
1032 3582 1194 3640 inagnum

115 3662 370 3719 2'ntervellam'
399 3682 477 3741 e.q.s.
522 3662 579 3721 Sed
603 3664 659 3721 hoe
681 3665 806 3722 fortasse
827 3664 948 3724 levioris
971 3668 1121 3727 momenti
1143 3676 1194 3741 est,

184 3841 227 3910 27)
246 3846 276 3890 cf.
294 3845 487 3895 Ps.-ArIstethIs
505 3851 559 3896 mir.
579 3864 644 3897 ausc.
664 3853 704 3898 te.
732 3851 855 3910 Theophr.
874 3852 904 3898 de
922 3850 983 3910 plsc.
1002 3852 1033 3901 Ir.
1050 3856 1112 3914 171,
1125 3858 1150 3917 i,
1165 3858 1191 3901 11

114 3929 272 3997 (Wimmer.).

184 4012 226 4077 28)
244 4015 373 4062 Vitruvius
384 4017 453 4077 VIII,
467 4021 489 4079 3,
504 4023 538 4064 io
556 4033 610 4066 cum
627 4021 701 4067 PIInii
720 4026 745 4068 at
757 4021 864 4069 Senecae
882 4021 1049 4082 descrIptione
1067 4027 1102 4075 de
1120 4028 1194 4075 Thes·

113 4099 189 4167 sallao
207 4100 300 4161 Tempe
317 4104 448 4151 consentit.
