2616 4582
574 306 788 372 ‚42-

145 460 161 539 ς
183 467 242 520 202
267 468 384 522 servata
406 468 451 523 cst
472 483 490 521 a
512 463 691 540 philosopho
714 462 767 522 illo
783 463 962 538 Apameensi
985 464 1064 539 apud
1078 461 1192 520 θεοοοοκ

144 566 180 622 N.
199 564 235 627 Q.
253 566 304 638 VI,
321 570 405 637 21,1
432 575 462 625 et
483 565 526 637 H,
544 572 592 637 26,
609 572 637 637 4,
660 566 776 624 insulae
792 566 824 624 in
843 567 910 624 sinu
928 565 1022 624 Tusco
1042 561 1194 639 emergentis
1227 626 1230 647 ἰ

143 667 174 723 in
199 665 215 743 ξ
237 673 297 724 203
320 670 398 742 apud
417 670 592 727 Strabonem
611 668 653 726 VI
675 688 704 742 p.
722 667 792 740 277,
837 666 934 726 Etiam
954 667 1137 726 Pithecussas
1150 661 1193 721 Pli-

145 768 225 825 nium
246 769 323 843 apud
341 769 550 846 philosophum
572 769 722 828 invenisse
745 788 865 829 necesse
887 774 939 842 est,
962 767 1098 848 quamvis
1111 765 1194 827 suan
1224 808 1227 813 -

144 869 176 926 in
198 890 228 945 p.
248 875 308 927 248
331 870 481 930 Timaeum
511 878 628 931 secatus
657 890 707 929 eas
729 872 908 931 memorarit.
953 873 1030 928 Nam
1052 890 1080 946 p.
1099 868 1132 927 57
1152 867 1194 924 ian
1223 866 1226 871 '

144 976 232 1031 antea
252 991 300 1031 eas
316 973 432 1047 attulit,
456 975 640 1050 paragrapho
657 978 693 1033 16
714 973 819 1051 capitis
838 980 854 1031 3
875 973 944 1032 libri
962 973 981 1031 I
1003 992 1042 1031 ex
1059 966 1196 1031 Posidonio

144 1074 245 1149 petita.
290 1074 357 1133 Hoc
380 1095 414 1134 oo
445 1078 676 1149 demonstratur,
709 1078 788 1155 quod
816 1077 851 1134 de
881 1082 976 1134 tarrae
1006 1081 1089 1133 motu
1109 1073 1196 1132 sidone

144 1177 222 1235 faoto
244 1196 309 1234 oum
331 1176 476 1250 laudavit,
498 1198 545 1237 res
568 1184 666 1237 autem
687 1178 800 1236 Therae
821 1183 852 1236 et
867 1177 1026 1235 Therasiae
1046 1177 1150 1247 iactae,
1173 1174 1197 1228 ut

144 1297 234 1352 supra
256 1278 380 1351 dietum,
413 1281 491 1355 apud
515 1281 640 1338 eandem
662 1286 798 1340 narratae
821 1286 920 1352 erant,
953 1281 1041 1338 etde
1066 1277 1145 1338 Aeoli
1164 1275 1196 1332 in·

145 1378 217 1438 sulis
239 1382 317 1455 apud
341 1380 514 1440 Strabonem
538 1402 566 1458 p.
584 1382 643 1440 277
666 1382 730 1458 ipse
754 1381 900 1441 disseruit.
1232 1366 1235 1377 ¹

231 1482 322 1540 Porro
346 1484 421 1543 ratio
444 1503 555 1542 numen
571 1484 704 1544 divinum
723 1503 878 1560 peremne
894 1483 1034 1543 diffusum
1049 1502 1112 1543 esse
1128 1486 1198 1557 atque

146 1580 316 1664 ‘erumpere’
339 1585 433 1645 stoica
447 1591 493 1645 est
508 1584 537 1663 (ἓ
555 1585 638 1662 208).
681 1588 719 1644 In
743 1584 838 1663 §219
862 1586 979 1645 Plinius
1001 1583 1147 1644 narravit:
1164 1578 1200 1659 ‘tt
1235 1566 1238 1575 ¹

144 1688 318 1762 quorundam
357 1696 448 1745 tamen
480 1691 599 1763 privata
636 1698 743 1747 natura
756 1706 760 1711 ·
775 1698 836 1758 ert,
876 1689 955 1746 νεῖαι
985 1680 1204 1746 Tauromenitani
1242 1684 1245 1757 ᾗ

144 1790 365 1866 erarapisaepins
388 1800 416 1847 et
436 1793 465 1848 in
480 1790 597 1848 Euboea
619 1794 744 1866 septiens
767 1793 811 1848 die
834 1811 868 1849 ac
891 1800 973 1848 nocte
995 1788 1199 1867 reciprocantia
1243 1866 1245 1871 Ι

145 1891 216 1948 idern
246 1901 342 1949 aestas
367 1892 460 1949 tradao
483 1895 511 1950 in
535 1913 627 1951 mense
649 1895 798 1964 consistit,
824 1903 952 1969 reptmra
969 1903 1070 1950 aetnae
1092 1906 1204 1967 nonaque

145 1994 225 2050 laria.
261 1995 386 2053 Gadibus
408 1997 459 2071 qni
478 2006 522 2054 est
543 1994 660 2053 delabro
677 1996 811 2054 [terrulis
829 2015 989 2074 procurrens·
1003 1995 1078 2074 sons
1092 1994 1203 2052 inclinar

145 2096 284 2172 adpetet
304 2098 414 2154 raedam
438 2098 515 2155 alias
538 2099 625 2155 simut
651 2118 712 2156 enin
736 2119 842 2156 οοιοιιο
864 2109 990 2175 negetur
1012 2100 1201 2173 rnirrattarqae,

143 2199 218 2255 altiss
234 2208 383 2276 utrumqne
399 2203 559 2258 contrariis
577 2200 760 2276 temperetur.
798 2202 890 2259 eodem
908 2205 937 2258 in
954 2203 1016 2258 loco
1030 2202 1106 2259 alter
1122 2193 1207 2256 oceani
1242 2276 1245 2285 Ι

145 2300 266 2357 motibus
299 2305 449 2360 consentit.
497 2304 529 2360 ln
562 2306 628 2379 ripn
660 2306 759 2361 Baetis
791 2305 925 2380 oppedam
956 2313 1000 2360 est
1030 2305 1112 2361 οιιιάο
1138 2296 1207 2376 patei

144 2412 288 2461 crescente
310 2413 389 2461 aestu
413 2406 595 2475 rnr'naantnr,
621 2414 781 2480 augescant
801 2406 966 2475 decedente,
992 2407 1091 2463 mediis
1113 2413 1205 2479 tempo·

143 2525 205 2561 runt
224 2507 387 2566 inerrabiles.
417 2508 509 2566 eadem
533 2517 639 2565 natura
661 2509 779 2583 Hispali
798 2509 900 2584 oppido
924 2511 976 2566 uni
991 2517 1091 2585 puteo,
1116 2503 1206 2564 reterri

144 2609 282 2684 volgaria
330 2612 369 2667 Et
390 2610 496 2668 Portas
523 2630 634 2687 rerrtper
662 2622 747 2668 entra
777 2621 851 2668 rneut
879 2614 908 2668 in
930 2611 1142 2686 Propontidem,
1173 2608 1208 2664 ιἰι·

145 2720 256 2768 trorsaa
291 2717 319 2770 in
352 2713 470 2770 Pontum
504 2732 648 2790 reanqaam
684 2716 775 2792 refluo
808 2713 905 2771 nturi)
949 2715 994 2772 Da
1027 2708 1207 2773 Tauromeni-

144 2814 276 2891 tanort)
300 2817 402 2890 euripo
426 2821 456 2874 et
478 2816 644 2875 Chalcidico
669 2817 807 2874 Euboeae
830 2817 930 2874 eadem
955 2817 1063 2875 Strabo
1094 2817 1157 2875 sive
1177 2828 1207 2870 ex

144 2915 346 2990 Athenodoro,
369 2920 432 2978 sive
455 2938 493 2977 ex
507 2919 668 2978 Posidonio
692 2918 803 2991 retulit,
827 2921 929 2977 eadem
953 2939 1073 2999 quoque
1092 2920 1127 2976 dc
1145 2917 1208 2975 Pro·

144 3019 266 3092 pontida
278 3019 327 3097 ³⁵)
343 3023 359 3079 Ι
377 3042 406 3098 p.
419 3025 457 3081 55
475 3022 522 3100 (fr.
535 3022 589 3100 93)
616 3019 689 3100 Περὶ
708 3017 760 3097 μὲν
780 3009 834 3079 οὖν
858 3023 916 3080 τῶν
933 3019 1150 3100 πλημμυρίὸων
1167 3011 1208 3077 καὶ

144 3121 204 3177 τῶν
227 3115 394 3196 ἆμπώτεων
417 3119 569 3202 εἰρήκασιν
586 3123 696 3193 ἱκανῶς
715 3118 968 3193 Ποσειδώνιός
990 3144 1021 3182 τε
1043 3119 1095 3182 καὶ
1116 3115 1209 3196 Ἀθη-

146 3215 322 3299 νόδωρος·
347 3223 415 3304 περὶ
438 3223 469 3286 δὲ
491 3230 544 3301 τῆς
560 3229 621 3286 τῶν
639 3229 789 3304 πορθμῶν
811 3227 994 3306 παλιρροίας,
1018 3221 1145 3302 ἐχόντων
1166 3216 1210 3282 καὶ

145 3317 244 3384 αὐτῶν
272 3325 476 3406 φυσικώτερον
502 3323 604 3408 λόγον,
637 3324 711 3388 κατὰ
740 3323 794 3405 τήν
822 3331 876 3386 νῦν
904 3307 1053 3388 ὑπόθεσιν
1075 3330 1210 3388 τοσοῦτον

144 3426 237 3486 εἰπεῖν
267 3422 399 3509 ἀπόχρη,
432 3425 478 3490 ὅτι
507 3424 576 3490 οὐδὲ
606 3423 648 3501 εἷς
674 3425 786 3511 τρόπος
814 3432 868 3489 τοῦ
896 3425 1023 3510 dedidere
1052 3423 1128 3489 εἶναι
1148 3421 1212 3496 τούς

145 3527 324 3610 πορθμεύς,
355 3527 372 3592 d
394 3554 425 3612 γε
448 3527 511 3592 κατ’
532 3526 625 3603 εἶδος·
659 3527 697 3592 οὐ
720 3528 776 3614 γαρ
806 3526 844 3592 dr
872 3525 890 3593 ὅ
912 3529 965 3608 μὲν
988 3527 1144 3603 Σικελικός
1171 3528 1213 3599 ἃλς

145 3630 271 3712 ἑκάστης
293 3627 406 3715 ἡμέρας
428 3635 616 3714 μετέβαλλεν,
641 3629 682 3706 οἷς
705 3624 793 3705 οὗτός
815 3654 916 3712 φησιν,
940 3628 958 3696 d
980 3632 1012 3695 δὲ
1037 3629 1213 3703 Χαλκιδικὸς

216 3823 316 3886 34)1)ο
343 3824 406 3871 freto
433 3823 515 3871 Siculo
542 3827 572 3872 et.
597 3826 752 3872 Ps.·Aristot.
779 3825 833 3873 mir.
852 3839 918 3873 ausc.
936 3827 977 3874 55.
1002 3827 1043 3884 (et.
1068 3823 1215 3873 Mlillanhod

145 3910 269 3972 ‘deutsche
287 3910 504 3958 altertnmslrunda’
522 3926 546 3971 p.
560 3913 621 3972 tat)
639 3916 663 3958 et
681 3912 831 3972 Antigonum
849 3911 945 3972 Caryst.
965 3913 1018 3958 mir.
1038 3926 1104 3959 ausc.
1126 3912 1182 3960 125.

214 3993 256 4063 35)
275 3997 386 4044 Eandem
397 3997 470 4044 Ponti
487 3998 539 4044 vim
557 3996 688 4057 descripsit
705 3999 801 4046 Plinius
819 3999 849 4046 N.
864 3998 897 4045 H.
910 3999 954 4059 1v,
968 3998 1008 4057 93,
1027 3998 1053 4044 in
1071 3999 1142 4046 euius
1160 3994 1214 4045 libri

144 4082 224 4129 indica
242 4087 368 4130 auctorum
385 4082 511 4130 Posidonii
529 4097 619 4130 nomen
637 4083 768 4130 invenitur.
804 4084 897 4131 Eadem
916 4087 1013 4131 exstant
1030 4083 1056 4131 in
1073 4084 1169 4132 scholio
1185 4080 1213 4129 ad

144 4169 248 4230 Dionys.
268 4169 360 4230 perieg.
377 4171 483 4218 v.160:
512 4161 571 4232 ἤτοι
589 4165 616 4229 ἐξ
634 4162 716 4233 αὐτῆς
733 4166 777 4220 τοῦ
795 4164 895 4221 Πόντου
917 4164 946 4220 τὸ
965 4161 1036 4234 ὕδωρ
1053 4165 1214 4235 ἐκφέρεσθαι,
